2834 4609
764 236 805 298 72

321 479 375 560 „Si
396 478 457 545 tibi
480 484 642 546 creterrae
663 483 792 566 argenti
819 484 996 566 incusaque
1018 482 1130 567 pingui
1232 570 1235 575 ‚

321 619 428 699 „Auro
451 617 536 683 dona
558 616 671 700 feram,
695 619 791 685 sudes
815 625 849 684 et
869 625 1002 705 pectore
1024 619 1116 685 laevo

321 757 494 839 „Excutiae
516 760 637 842 guttas,
660 757 781 825 laetari
802 757 1050 843 praetrepidum
1072 764 1154 822 cor.“
1184 808 1192 821 .
1223 807 1231 821 .
1256 808 1264 821 .

317 895 377 959 Et:

322 1050 463 1135 „Magpe
479 1056 575 1137 pater
597 1052 717 1135 divum,
741 1074 854 1119 saevos
874 1053 992 1139 punire
1014 1057 1173 1137 tyrannos

322 1190 438 1270 „Haud
459 1191 526 1257 alia
548 1193 674 1257 ratione
697 1192 787 1273 velie,
811 1213 911 1275 quum
934 1191 1007 1256 dira
1029 1189 1131 1257 libido

318 1328 479 1410 „Moverit
500 1331 664 1414 ingenium
687 1330 825 1396 ferventi
847 1331 952 1394 tincta
974 1330 1170 1415 veneno;¹)“

214 1473 271 1540 ubi
292 1473 393 1541 libido
416 1476 502 1542 idem
525 1476 688 1560 significat
707 1476 795 1560 quod
810 1476 910 1542 animi
924 1434 1129 1561 perturbatio
1152 1474 1347 1555 affectusque

215 1611 372 1680 effrenati.

318 1752 429 1832 „Quae
452 1760 562 1819 autem
584 1754 744 1819 aratione
768 1774 883 1820 aversa
905 1753 1043 1818 incitata
1059 1758 1109 1818 eet
1123 1749 1346 1825 vehementius,

320 1914 381 1972 „ca
403 1892 505 1960 libido
528 1891 591 1973 est}
610 1893 661 1958 rel
682 1892 845 1978 cupiditas
867 1891 1035 1972 effrenata,
1059 1891 1192 1974 quaein
1207 1886 1347 1957 omuibus

319 2030 450 2112 „stultis
472 2032 665 2097 invenitur.“
691 2083 697 2096 .
726 2082 764 2097 ..

320 2169 524 2254 „Important
553 2170 656 2251 enim3
688 2173 748 2256 (so.
770 2168 894 2236 turbidi
922 2170 1105 2235 animorum
1135 2165 1347 2248 concitatique

321 2308 463 2393 „motua)
486 2308 707 2393 aegritudines
736 2311 850 2375 anxias
879 2313 979 2393 atque
1009 2306 1144 2375 acerbas
1166 2307 1347 2384 animosque

320 2445 488 2530 „affligunt
516 2452 551 2511 et
580 2446 754 2513 debilitant
775 2454 881 2529 metu,
903 2447 1001 2514 iidem
1031 2445 1237 2512 inflammant
1260 2459 1348 2526 appe·

318 2585 456 2665 „titione
478 2587 596 2668 nimia,
619 2593 811 2671 quamtum
835 2586 1063 2672 cupiditatem,
1093 2591 1164 2649 tum
1186 2582 1347 2648 libidinem

320 2723 494 2806 „dicimua
523 2727 750 2810 impotentiam
780 2725 944 2810 quandam
958 2725 1072 2790 ‘animi
1094 2745 1115 2788 a
1136 2715 1348 2806 temperantia

319 2868 374 2944 „et
396 2863 620 2932 moderatione
642 2865 817 2950 plurimum
840 2864 1059 2931 dissidentem.
1071 2865 1117 2949 2)“

301 3029 405 3094 Persii
427 3030 490 3097 huc
511 3032 675 3116 pertinere
696 3031 777 3097 mihi
806 3031 956 3098 videntur
977 3030 1011 3095 hi
1034 3050 1160 3095 versus:

320 3167 447 3252 „Disce
471 3190 530 3236 neo
551 3170 782 3237 invideas!“
808 3223 815 3235 .
841 3222 879 3236 ..
993 3225 997 3241 ,

318 3307 460 3393 „Tange
484 3309 592 3390 miser,
615 3330 716 3375 venas
740 3314 773 3375 et
794 3331 880 3395 pone
901 3310 936 3374 in
957 3314 1089 3394 pectore
1113 3305 1274 3371 dextram.
1289 3336 1328 3349 —

322 3446 451 3526 „Nihil
479 3447 565 3515 calet
592 3447 680 3513 hier
706 3488 751 3498 -
774 3449 987 3533 Summosque
1016 3445 1116 3531 pedes
1138 3442 1264 3527 attinge
1287 3457 1346 3505 ma-

419 3607 553 3672 nusque.
577 3627 621 3638 -

321 3723 434 3805 „„Non
456 3724 604 3810 frigent.“
631 3766 675 3776 ——
697 3727 777 3794 Visa
799 3734 848 3793 est
870 3729 898 3793 ai
920 3727 1004 3793 forte
1026 3723 1177 3810 pecunia,
1199 3721 1267 3784 sire

212 3940 617 3955 ——u—-n-——n-—n-—1-

284 4096 303 4164 ¹)
321 4097 400 4152 Satir.
417 4099 452 4165 Π,
470 4100 504 4153 52
523 4106 550 4152 et
567 4085 614 4165 HI,
632 4103 666 4154 35
685 4115 756 4169 sqq.;
775 4102 807 4155 cf.
826 4102 873 4167 III,
891 4105 914 4155 5.

283 4192 303 4259 ²)
321 4189 426 4244 Cicer.
445 4192 524 4246 Tuae.
543 4193 589 4259 IV,
607 4195 632 4258 6,
652 4195 751 4262 12315,
769 4198 810 4248 34.
