2834 4609
484 1384 708 1485 Caput
740 1383 861 1463 IV.

399 1586 444 1685 lio
483 1584 543 1683 uiis
582 1600 675 1715 etque
713 1616 820 1683 eorum
858 1588 954 1685 uita

190 2045 317 2116 Stoieoe
338 2064 424 2133 quoe
444 2043 486 2114 de
507 2043 772 2129 dissenserint,
800 2044 835 2111 in
863 2043 999 2132 physice
1018 2042 1242 2133 philosophiae

101 2190 197 2274 parte
218 2184 379 2254 metasse
400 2185 467 2252 iam
487 2203 589 2272 supra
609 2183 868 2251 memoravimus.

31 2386 35 2393 .
189 2324 300 2392 Unum
321 2322 418 2391 deum
439 2321 646 2406 statuebant,
674 2341 771 2409 quem
797 2326 908 2391 tumen
935 2323 1021 2391 elius
1049 2324 1117 2393 eho
1143 2323 1240 2392 modo

102 2460 394 2549 interpretabatur.

193 2597 338 2667 Aethera
360 2596 544 2698 Stoicorum
563 2595 661 2666 deum
683 2596 814 2667 exhibet
834 2596 1045 2685 Eusebiuatl)

203 2734 310 2821 „eota
328 2731 399 2805 teu
419 2739 489 2826 πῦρ
508 2729 648 2826 rororir.“
670 2774 716 2787 -

207 3014 271 3096 „Oi
291 3014 428 3081 Στωικοὶ
447 3006 558 3104 νοερόν
578 3012 658 3082 θεόν
676 3009 916 3103 ἀποφαίνονται
928 3015 999 3102 πῦρ
1011 3011 1154 3095 τεχνικόν
1175 3013 1242 3100 ὁδῷ

209 3150 363 3237 ,βαδίζον
382 3148 442 3220 ἐπὶ
461 3151 583 3239 γενέσει
603 3150 729 3237 κόσμου
749 3188 794 3204 ——
814 3152 870 3220 καὶ
891 3155 1021 3236 πνεῦμα
1042 3150 1185 3240 ἐνδιῆκον
1206 3150 1241 3220 δί

206 3284 305 3375 ,,ὅλου
325 3294 386 3358 τοῦ
405 3285 539 3375 κόσμου.
547 3292 595 3379 ¹)“

205 3430 279 3513 „Ita
299 3431 441 3518 relinqui
454 3430 537 3498 nihil
550 3435 682 3518 praeter
695 3429 814 3516 ignem,
830 3452 850 3497 a
865 3451 930 3516 quo
944 3451 1058 3498 rursus
1071 3429 1240 3497 animante

206 3589 266 3653 „ae
295 3568 357 3637 deo
383 3569 551 3638 renovatio
577 3568 689 3636 mundi
719 3567 813 3637 fieret
850 3574 950 3655 atque
985 3568 1073 3636 idem
1106 3574 1241 3638 ornatus

208 3710 379 3790 ;‚oreretur
401 3757 410 3774 .
433 3756 442 3773 .
466 3712 496 3774 .“

206 3846 335 3932 „Atque
356 3845 410 3913 hie
432 3845 519 3913 idem
541 3846 656 3932 (Zeno)
678 3845 744 3914 alio
765 3845 838 3913 loeo
860 3844 995 3913 aethera
1011 3844 1108 3913 deum
1130 3845 1240 3914 dieit.“

177 4114 307 4188 hPraep.
325 4127 421 4185 evang.
438 4114 498 4183 XV,
518 4116 558 4168 16.

174 4210 195 4282 ²)
213 4210 302 4268 Plut
320 4209 355 4266 de
371 4210 439 4283 plue
456 4209 554 4281 philos.
570 4211 593 4279 1,
610 4214 635 4265 7.
