2834 4609
529 298 689 358 .1s

101 543 204 608 tertia
237 561 278 608 ne
320 542 426 608 dicam
446 612 449 619 ,
470 542 707 625 difficillimum,
727 583 732 590 ⁴
753 544 881 610 omnino
921 541 992 607 fieri
1034 561 1099 609 non
1142 563 1236 628 posse

102 680 338 746 affirmavisset.
749 671 775 750 J

190 844 313 924 Quodsi
340 841 440 929 igitur
461 799 594 935 Persius
624 843 747 911 scelera
775 865 815 910 ex
843 843 1031 911 infirmitate
1060 841 1238 912 voluntatis

102 989 141 1048 ut
173 982 307 1049 duceret
339 987 443 1049 totam
475 979 620 1049 ¹satiram
640 983 792 1081 ntertiam
831 1003 966 1068 eamque
1006 983 1238 1068 amplissimam

105 1119 305 1205 scripsisset,
337 1117 560 1205 unusquisque
600 1140 674 1187 eum
711 1139 836 1187 summo
862 1115 1052 1187 ‘Stoicorum
1093 1120 1238 1205 dogmati

103 1258 332 1343 repugnavisse
354 1255 466 1343 itaque
487 1255 577 1325 nullo
599 1258 694 1346 modo
719 1255 839 1325 Stoicis
862 1238 1139 1324 adnumerandum
1168 1279 1238 1325 esse

105 1389 201 1463 facile
222 1395 447 1463 intellecturus
470 1371 565 1463 esset.
609 1399 676 1463 Aut
707 1397 811 1463 satira
831 1398 932 1462 tertia
953 1398 1052 1463 aliam
1075 1397 1239 1481 quandam

102 1555 173 1601 rem
189 1553 287 1619 quam
308 1534 509 1602 debilitatem
528 1539 665 1602 naturae
686 1536 878 1621 perstringit
899 1541 1007 1621 poeta,
1030 1542 1088 1603 aut
1111 1536 1239 1602 Stoicus

102 1650 235 1716 omnino
256 1669 323 1714 non
345 1653 404 1715 est.

196 1809 260 1879 Sed
281 1814 370 1899 apud
391 1812 539 1879 Iahnium
560 1810 647 1898 prol·
666 1809 718 1880 ad.
741 1811 887 1879 Persium
908 1809 1001 1886 XXII
1021 1811 1157 1897 legitur:

265 1995 447 2076 ,Quantam
476 2016 551 2061 vero
585 1995 651 2061 vim
679 1995 789 2062 Stoica
817 1995 1036 2080 philosophia,
1073 2016 1139 2079 qua
1167 2017 1240 2063 eum

214 2132 348 2212 „imbuit
377 2132 568 2219 (Cornutus)
597 2134 632 2200 in
659 2134 762 2200 Persii
791 2135 934 2200 animum
964 2140 1062 2219 atque
1090 2140 1241 2219 poemata

189 2239 515 2353 ',exercuerit,'ve1
549 2271 663 2337 leviter
697 2272 898 2338 intuentibus
931 2277 1041 2357 patet,
1075 2291 1147 2337 cum
1176 2293 1241 2337 nou

176 2387 179 2392 ¹
213 2408 327 2489 „modo
350 2410 470 2475 satirae
493 2410 562 2475 eius
583 2409 757 2475 maximam
780 2415 907 2494 partem
929 2410 964 2475 in
994 2432 1032 2477 eo
1060 2415 1253 2493 versentur„
1276 2465 1278 2467 .

214 2551 269 2627 ,ut
291 2546 401 2612 Stoica
423 2546 578 2643 dogmata
599 2548 778 2633 explicent,
807 2569 917 2614 verum
946 2549 1047 2615 etiam
1074 2554 1145 2616 tcta
1171 2550 1241 2615 eius

213 2684 425 2765 ,aestimandi
447 2689 551 2769 atque
570 2685 730 2753 scribendi
753 2688 837 2754 ratio
859 2688 935 2755 inde
956 2688 1126 2774 pendeat.“

179 2865 236 2931 ‘Et
257 2865 407 2933 LXVIII:

266 3048 437 3130 „Attamen
458 3049 540 3116 haec
562 3069 657 3117 verae
673 3051 793 3117 satirae
815 3050 951 3136 vestigia
965 3055 1035 3117 tam
1056 3072 1133 3117 rara
1155 3058 1241 3136 sunt,

217 3190 270 3264 ,ut
291 3205 329 3253 eo
352 3187 471 3254 clarius
493 3192 661 3273 appareat,
685 3189 804 3254 satiras
825 3189 932 3271 hasce,
955 3194 993 3254 ut
1008 3189 1077 3272 jam
1093 3190 1241 3272 diximus,

214 3341 329 3407 „quam
349 3326 488 3392 maxime
504 3326 740 3411 disputationes
756 3347 826 3393 esse
842 3348 860 3394 e
876 3326 1004 3394 Stoicae
1018 3327 1241 3414 philosophiae

140 3475 143 3486 ¹
213 3459 349 3545 „scholis
370 3468 576 3550 pmgnatas.“

191 3644 231 3710 Id
265 3650 353 3713 certe
391 3645 512 3729 elucet,
546 3646 699 3713 Jahnium
729 3645 791 3713 sibi
819 3647 883 3732 ipsi
911 3669 1108 3733 repugnare,
1143 3667 1243 3731 quum

107 3780 283 3849 contendat
310 3782 457 3850 Persium
486 3790 519 3851 et
546 3784 690 3851 Stoicum
719 3785 817 3852 fuisse
847 3791 881 3852 et
907 3785 989 3851 illud
1018 3791 1243 3872 argumentum

105 3923 275 4005 tractasse,
298 3923 385 4007 quod
406 3944 472 3991 nou
496 3924 596 3991 Stoici
617 3921 800 4010 philosophi
822 3946 891 3991 esse
912 3925 1139 3992 intelleximus.

194 4104 258 4169 Sed
280 4126 320 4170 ne
335 4104 437 4171 levius
459 4127 528 4172 rem
544 4092 766 4189 gravissimam
782 4106 926 4190 tetigisse
948 4106 1124 4189 videamur,
1147 4106 1243 4190 plura

104 4243 170 4306 iam
193 4239 396 4326 adjiciemus,
427 4264 511 4327 quae
540 4244 629 4308 aliud
659 4244 781 4309 satirae
805 4264 875 4309 esse
897 4249 1123 4325 argumentum
1145 4264 1243 4327 quam

1052 4346 1089 4399 2*
