2834 4609
635 286 694 348 115

197 554 255 619 ,,σε
276 532 425 623 ποιήσει,
455 536 508 602 καὶ
534 541 605 612 τοῖς
632 539 824 612 κοινωνικοῖς
853 528 1061 623 εὐάρμοστον,
1084 534 1142 600 καὶ·
1159 539 1229 610 τοῖς

195 679 308 759 ,θεοῖς
330 674 517 763 σύμφωνον,
544 671 645 739 τοῦτ’Ν
663 673 751 741 ἐστιν
780 672 988 753 ἐπαινοῦντα,
1023 666 1085 738 ὅσα
1116 672 1231 738 ἐκεῖνοι

197 815 403 898 „clamatores
424 814 479 879 καὶ
500 810 733 894 drurrro'rxuorr.
744 816 790 899 1)“

202 955 336 1037 „Cultus
358 939 467 1019 autem
484 954 618 1019 deorum
634 959 685 1019 est
700 955 841 1038 optimus
863 952 1013 1035 idemque
1029 952 1230 1018 castissimus

202 1098 321 1177 „atque
337 1095 558 1159 sanctissimus
573 1094 845 1177 plenissimusque
860 1092 1003 1175 pietatis
1013 1096 1058 1156 ut
1075 1113 1129 1157 eos
1150 1113 1232 1156 sem·

201 1253 280 1317 „per
301 1252 402 1316 pura,
431 1233 574 1317 integra,
605 1233 795 1316 incorrupta
825 1236 857 1295 ct
885 1237 993 1295 mente
1017 1235 1050 1295 et
1071 1252 1149 1295 voce
1179 1253 1231 1295 re-

202 1392 380 1453 „neremur
403 1371 476 1438 Non
492 1372 576 1436 enim
591 1370 777 1454 philosophi
793 1369 906 1452 solum,
923 1391 1034 1436 verum
1050 1370 1149 1434 etiam
1165 1391 1232 1434 ma·

201 1510 308 1594 ,peres
319 1510 424 1577 nostri
439 1509 702 1595 superstitionem
722 1508 910 1593 arcligione
944 1513 1188 1594 separaverunt.
1198 1510 1234 1594 ²),

204 1675 317 1757 „Sicut
338 1696 379 1741 ne
401 1676 436 1741 in
457 1674 597 1741 victimis
621 1674 765 1759 quidem,
802 1674 880 1739 licet
903 1673 1029 1759 opimae
1051 1674 1117 1739 sint
1138 1695 1233 1740 auro-

161 1834 165 1849 ·
202 1834 285 1898 „qus
300 1814 542 1899 praefulgeant,
565 1813 699 1893 deorum
715 1819 765 1878 cst
786 1814 906 1894 honor;
930 1813 987 1879 sed
1002 1813 1058 1898 pia
1079 1834 1118 1879 ac
1140 1817 1232 1878 recta

202 1953 390 2035 „voluntate
421 1953 660 2033 venerantium,
693 1952 805 2039 itaque
834 1952 912 2019 boni
947 1953 1045 2018 etiam
1065 1949 1163 2041 ¹farre
1193 1972 1232 2018 ac

201 2090 316 2173 „fitilla
343 2091 488 2176 religiosi
519 2094 612 2174 sunt,
642 2091 721 2156 mali
750 2112 872 2186 rursus
893 2112 958 2156 non
989 2090 1146 2176 effugiunt
1173 2091 1233 2156 im·
1298 2076 1300 2083 ¹

201 2230 397 2315 „pietatem
442 2231 589 2315 quamvis
626 2252 701 2297 aras
739 2229 895 2325 sanguine
941 2228 1045 2295 multo
1083 2234 1233 2296 cruenta-

204 2369 337 2450 „verint
348 2369 395 2455 ³)“

94 2503 205 2572 Habes
233 2505 318 2588 fere,
355 2528 440 2592 quae
470 2506 586 2574 Stoicis
616 2506 657 2573 ds
685 2507 810 2592 pietate
840 2527 918 2593 erga
948 2507 1025 2574 deos
1056 2502 1232 2593 eorumque

94 2643 186 2710 cultu
205 2643 408 2730 placuerunt.

184 2807 275 2875 Sicut
296 2809 413 2895 impias
439 2809 514 2877 illas
542 2810 582 2877 ds
608 2810 672 2876 diis
700 2811 867 2896 opiniones
895 2810 1001 2897 plebis
1030 2811 1231 2893 reficiebant,

2 2932 3 2953 ¹
93 2949 144 3013 ita
166 2948 265 3014 etiam
288 2948 457 3015 sublimius
479 2948 519 3016 de
548 2971 659 3016 eorum
690 2950 781 3017 cultu
813 2949 1018 3034 cogitabant,
1052 2970 1150 3034 quam
1179 2972 1233 3017 sx-

94 3089 237 3174 spectari
258 3091 389 3172 poterat
410 3088 452 3154 ab
475 3089 658 3156 homiuibus
687 3089 815 3156 divinae
837 3093 969 3156 nostrae
991 3088 1155 3174 religionis
1178 3110 1232 3154 ex-

93 3228 251 3315 pertibus.
276 3228 415 3295 Gratum
437 3229 523 3295 onim
545 3229 606 3295 diis
621 3251 686 3296 uon
701 3251 772 3295 esse
788 3230 964 3296 censebant
978 3229 1143 3311 honorem,
1167 3251 1231 3314 quo

93 3365 301 3433 afficerentur
316 3389 428 3435 eorum
443 3368 619 3435 simulacra
633 3373 733 3454 atque
748 3369 879 3452 templa,
902 3368 960 3434 sed
975 3389 1086 3434 verum
1109 3369 1232 3435 cultum

92 3525 160 3570 non
181 3505 324 3590 positum
346 3527 417 3573 esse
437 3507 501 3573 nisi
522 3507 635 3598 inpio,
659 3511 755 3591 grato
770 3528 917 3592 puroque
932 3508 1056 3590 animo;
1080 3508 1141 3574 diis
1165 3529 1230 3575 non

94 3644 225 3730 placere
246 3665 299 3711 ros
322 3643 450 3712 oblatas
472 3645 530 3712 sed
552 3647 695 3714 animum
718 3669 782 3736 quo
805 3647 1008 3714 offerrentur.

93 3888 507 3917 —---.-!---—

171 4074 186 4143 ¹)
203 4071 324 4127 Ancon.
342 4073 375 4140 V,
393 4074 441 4143 213
459 4073 505 4142 VI,
526 4077 571 4144 163
589 4076 622 4129 cl.
641 4076 774 4129 Arrian.
793 4074 855 4128 diss.
871 4076 892 4141 I,
913 4078 952 4129 16.

166 4172 187 4239 ²)
204 4168 311 4222 Cicer.
330 4167 364 4222 de
380 4176 435 4224 nat.
455 4169 526 4224 deor.
543 4171 578 4237 11,
595 4172 637 4237 27,
656 4175 697 4224 71.

165 4265 186 4335 ³)
205 4265 318 4319 Senes.
336 4264 370 4319 de
388 4265 448 4320 ben.
466 4267 487 4333 Ι,
504 4269 529 4333 6,
547 4269 577 4335 33
595 4266 627 4320 cf.
646 4282 686 4335 ep.
705 4270 747 4332 95,
764 4270 879 4334 47-5o;
899 4266 992 4336 fragm.
1013 4270 1069 4321 123.

1026 4355 1058 4407 g*
