2834 4609
641 286 681 347 31

204 518 410 612 „scintillant
432 531 528 615 oculi,
551 532 696 616 dicisque
719 530 877 615 facisque,
901 528 988 614 quod
1008 530 1080 615 ipse

203 667 294 750 ,Non
317 669 388 735 sani
410 690 479 735 esse
500 668 639 768 hominis
661 688 727 734 non
749 688 847 734 sanus
867 668 955 734 iuret
977 667 1138 734 Orestes.“

90 791 94 797 ¹
182 814 273 881 Haeo
295 814 362 884 iere
383 814 483 881 habui
505 814 643 882 dicenda
665 815 705 881 de
731 816 849 881 tertiae
880 814 1002 883 satirae
1028 817 1231 900 argumento.

93 952 176 1019 Inde
199 952 355 1036 efficitur,
387 960 459 1021 tum
480 959 518 1020 ut
539 954 670 1023 Persius
693 952 756 1019 sibi
777 954 841 1039 ipsi
862 974 927 1021 non
947 957 1107 1039 repugnet
1128 954 1232 1020 satira

67 1092 196 1157 'tertia
223 1097 256 1158 et
285 1092 417 1175 quinta,
449 1098 522 1158 tum
551 1097 590 1158 ut
625 1093 660 1158 in
689 1091 873 1160 Stoicorum
902 1091 1073 1177 disciplina
1101 1096 1233 1158 maneat

92 1233 205 1312 poeta,
221 1228 359 1314 denique
374 1234 494 1296 utrem
513 1235 635 1297 tractet
649 1229 841 1315 philosopho
857 1229 1089 1314 dignissimam,
1112 1229 1232 1314 quippe

95 1367 154 1450 qui
189 1368 348 1433 virtutum
386 1369 600 1453 vitiorumque
637 1389 797 1435 summum
840 1373 1063 1453 perscrutetur
1099 1365 1231 1449 iontem,

68 1505 72 1511 ’
93 1524 196 1587 quum
218 1526 236 1570 e
259 1507 424 1571 contrario
448 1507 583 1572 satiram
606 1505 647 1572 de
676 1504 847 1584 debilitate
868 1510 1006 1573 naturae
1029 1505 1232 1574 conscribere

93 1643 138 1708 sit
159 1664 212 1709 res
234 1641 377 1727 vulgaris
398 1642 656 1728 philosophoque
678 1645 810 1742 minime
833 1644 941 1729 digna.

181 1782 329 1848 Persium
351 1782 452 1867 igitur
473 1776 612 1848 vidimus
634 1783 738 1848 satira
760 1783 860 1849 tertia
883 1782 1046 1867 castigare
1074 1802 1147 1864 eos,
1175 1782 1232 1865 qui

94 1919 360 2006 philosophorum
382 1920 511 1987 nomine
533 1921 678 1986 contenti
699 1941 769 1985 rem
790 1920 895 2004 ipsam
917 1919 968 1988 vel
1001 1941 1151 2004 perverse
1179 1919 1231 1986 sel

93 2058 223 2124 omnino
245 2057 335 2124 nullo
358 2058 455 2124 modo
470 2061 618 2141 tangant.
629 2057 655 2142 ¹)
678 2056 819 2122 Maxime
834 2058 997 2142 respicere
1010 2057 1090 2123 mihi
1104 2057 1232 2124 videtur

92 2195 272 2280 Epicureos
293 2185 447 2277 levesin
469 2215 551 2280 quos
573 2195 703 2279 saepius
725 2194 906 2261 invehitur:
1006 2233 1011 2243 ·

202 2333 356 2419 „Indulge
379 2333 483 2418 genio,
508 2352 680 2416 carpamus
702 2331 828 2398 dulcia!
851 2338 999 2400 nostrum
1021 2340 1072 2399 est

202 2470 315 2552 ,Quod
336 2472 433 2553 vivis3
457 2471 537 2536 cinis
558 2475 593 2536 et
614 2492 727 2538 manes
749 2477 782 2539 et
803 2470 916 2540 fabula
937 2471 1058 2559 fies,²)“
1082 2549 1085 2558 ἱ

93 2608 150 2675 ubi
166 2606 338 2698 εἰρωνικῶς
349 2630 460 2676 eorum
471 2609 601 2694 placitis
612 2611 798 2692 assentitur,
811 2609 928 2694 quibus
940 2609 1075 2695 opponit
1086 2628 1230 2675 severam

94 2747 187 2813 illam
217 2747 399 2814 Stoicorum
428 2746 646 2833 disciplinam,
680 2747 721 2814 de
750 2748 842 2814 cuius
869 2746 1049 2842 eternitate
1076 2747 1229 2834 legimus:

200 2885 347 2967 „Stoicus
367 2885 421 2951 hio
443 2906 555 2951 aurem
577 2885 763 2952 mordaci
784 2885 1054 2982 Ιιιιιιιῃιιοειοιθ)α
1079 2924 1123 2973 7·

202 3024 283 3107 „Sed
307 3022 386 3109 quid
408 3044 490 3109 opus
511 3029 641 3100 teneras
662 3021 845 3092 mordaci
865 3024 982 3091 radere
1002 3044 1080 3090 vero

201 3161 467 3248 ,Aniculasmp
495 3215 498 3218 .

92 3352 399 3373 —n——i--u-——v—
406 3363 499 3371 ..num-.-

163 3482 185 3547 ¹)
205 3479 336 3548 „Quidam
353 3479 477 3548 veniunt,
498 3485 529 3533 ut
546 3478 668 3546 audiant,
691 3495 753 3536 non.
770 3483 800 3533 ut
817 3478 935 3545 discant,
957 3478 1026 3533 siout
1047 3479 1076 3532 in
1094 3479 1229 3533 theatrum

206 3574 369 3645 „voluptatis
388 3572 511 3629 caumad
525 3573 696 3629 delectandas
708 3588 788 3629 aures
800 3573 921 3627 oratione
933 3572 976 3625 rel
986 3588 1051 3650 rooe
1069 3573 1113 3626 rel
1131 3572 1230 3627 fabulis

204 3669 348 3736 „ducimus
365 3668 495 3736 Magnam
512 3667 583 3721 hanc
599 3665 751 3721 auditorum
762 3674 866 3736 partem
884 3663 997 3733 videbis,
1015 3666 1057 3720 oui
1074 3664 1229 3739 philosophi

208 3762 316 3831 „schola
335 3762 512 3817 diversorium
534 3762 581 3815 otii
605 3759 654 3830 sit3
676 3775 731 3816 uon
754 3761 782 3815 id
805 3767 901 3831 agunt,
924 3767 955 3816 ut
969 3750 1070 3830 'alium
1091 3763 1140 3815 illo
1163 3762 1230 3817 vitia

208 3856 368 3926 „deponant
386 3862 416 3909 ut
433 3856 549 3924 aliquam
567 3855 655 3924 legem
673 3856 745 3908 vitae
761 3855 902 3924 accipiant,
921 3872 974 3924 qua
990 3869 1078 3908 mores
1095 3871 1157 3910 suos
1175 3857 1230 3910 exi-

208 3957 282 4019 gant,
300 3949 348 4003 sed
366 3956 396 4003 ut
405 3950 601 4004 oblectamento
610 3949 712 4003 aurium
721 3949 918 4019 perfruantur.“
937 3949 1050 4004 Senes.
1068 3964 1109 4018 ep.
1128 3951 1185 4018 108,
1203 3951 1228 4005 6.

168 4044 189 4116 ²)
207 4044 286 4099 Satir.
305 4045 337 4112 V,
357 4048 405 4098 151
425 4059 464 4113 sq.
483 4045 516 4098 cf.
534 4043 580 4110 IV,
601 4047 632 4098 17
650 4059 707 4113 sqq.

162 4140 183 4204 ³)
202 4139 281 4193 Satin.
299 4139 332 4207 V,
350 4139 392 4194 8⁸.
715 4146 722 4158 '

161 4233 183 4304 ⁴)
201 4232 280 4287 Satir.
298 4235 320 4301 I,
340 4238 397 4289 107.
416 4234 449 4288 cf.
467 4235 515 4302 III,
533 4234 566 4287 23
585 4246 641 4302 seq.
660 4232 724 4302 (vid.
743 4250 768 4302 p.
787 4233 839 4302 25.)
