2834 4609
350 201 836 336 ··3··÷÷.··{.=.1}·:1:··³{{..{.2···.33²

170 494 211 561 de
234 516 286 577 eo,
315 500 426 561 utrum
454 501 571 580 poetae
600 496 703 561 maior
732 496 775 561 sit
797 494 869 561 laus
891 516 934 594 an
955 494 1139 579 philosophi
1161 516 1309 576 acumen,

169 639 239 699 tum
254 633 297 699 ad
320 633 578 719 cognoscendum
590 633 679 699 illius
691 633 847 718 temporis
865 633 1003 698 rationis
1023 633 1150 699 Stoicae
1173 639 1308 699 statum.

168 772 218 838 Ea
233 773 318 838 enim
334 772 442 837 satiris
461 773 531 838 eius
546 793 611 838 non
634 773 738 839 solum
758 772 929 838 materiam
951 771 1111 856 praebuit,
1134 772 1308 838 sedetiam

168 888 426 992 incitamentum,
457 919 494 976 ut
516 932 571 977 eas
596 917 815 996 componeret.
860 911 944 977 Nam
966 912 1097 976 Persius
1120 911 1164 977 ad
1187 913 1308 977 satiras

170 1045 419 1115 conscribendas
439 1049 512 1116 odio
528 1051 562 1114 in
576 1072 694 1134 pravos
714 1049 900 1134 aequalium
914 1070 1031 1130 mores,
1044 1049 1088 1115 ad
1103 1050 1184 1115 illud
1196 1049 1306 1116 odium

103 1209 106 1224 ⁸
168 1193 239 1253 tum
268 1190 381 1253 innato
410 1186 488 1254 boni
516 1188 712 1273 virtutisque
734 1209 862 1268 amore,
886 1193 957 1253 tum
985 1209 1096 1254 severa
1120 1188 1304 1254 Stoicorum

169 1327 343 1412 disciplina
365 1326 550 1411 compulsus
571 1347 641 1392 csse
663 1325 802 1392 videtur.
950 1423 951 1428 γ

255 1465 372 1531 Omnia
386 1464 454 1529 fere
471 1464 653 1530 Stoicorum
669 1464 824 1548 dogmata
849 1466 960 1531 satiris
983 1465 1102 1549 tetigit,
1126 1465 1183 1530 sed
1205 1486 1305 1549 quum

165 1604 325 1689 imprimis
340 1604 375 1667 in
389 1601 533 1668 moribus
546 1602 745 1686 castigandis
758 1607 914 1685 versetur,
927 1624 966 1668 aa
975 1603 1150 1688 praecipue
1167 1610 1304 1688 spectat,

166 1762 249 1825 quae
262 1740 305 1806 ad
317 1740 456 1805 ethicam
468 1739 692 1825 philosophiae
710 1747 839 1825 partem
856 1704 1030 1825 pertinent.
1061 1741 1098 1805 In
1117 1740 1234 1825 quibus
1252 1763 1305 1806 ex·

165 1879 322 1963 ponendis
338 1900 377 1945 ea
392 1879 472 1943 mihi
487 1880 610 1963 optima
626 1880 695 1944 visa
711 1884 761 1944 cst
783 1880 845 1960 via,
864 1885 901 1944 ut
923 1881 1099 1964 propositis
1123 1879 1304 1945 Stoicorum

164 2021 310 2082 veterum
333 2017 384 2082 vel
397 2016 582 2101 aequalium
598 2019 768 2083 sententiis
783 2018 871 2084 locos
887 2017 1021 2084 afferam
1033 2040 1050 2082 e
1062 2019 1164 2083 Persii
1182 2019 1302 2106 satiris,

163 2156 220 2240 qui
247 2155 366 2220 adeas
395 2117 557 2220 referendi
586 2155 747 2221 videntur.
795 2156 950 2222 Ordinem
973 2156 1110 2236 retinui,
1139 2157 1196 2239 qui
1217 2157 1302 2232 inter

167 2293 293 2360 Stoicos
321 2292 451 2358 valebat
480 2294 513 2357 in
543 2294 734 2407 tragtanda·
752 2294 975 2380 philosophia,
1011 2296 1125 2383 itaut
1160 2296 1300 2379 primum

162 2452 366 2516 quaeramus,
383 2430 461 2515 quid
477 2432 520 2497 sit
539 2431 753 2517 philosophia,
774 2432 890 2499 deinde
909 2454 992 2518 quae
1009 2435 1075 2498 sint
1091 2433 1161 2516 ejus
1176 2439 1297 2517 partes,

161 2568 300 2654 denique
315 2569 358 2635 ad
372 2569 520 2654 logicam,
536 2570 713 2655 physicam,
726 2571 930 2657 ethicamque
945 2573 1050 2657 ipsam
1065 2571 1298 2657 perveniamus.

246 2708 368 2792 Logica
389 2707 520 2792 quidem
549 2714 582 2774 et
611 2708 746 2794 physica
768 2712 911 2802 exceptis
928 2711 982 2792 iic,
1015 2731 1098 2794 quae
1127 2711 1160 2774 in
1190 2708 1298 2774 satiris

161 2852 291 2914 exstant
313 2846 353 2912 de
382 2845 444 2912 diis
464 2847 643 2929 sententiis,
664 2848 699 2912 in
722 2846 953 2932 disputatione-
965 2854 1078 2911 n'ostra
1092 2845 1217 2911 nullum
1232 2846 1299 2911 fere

159 2985 327 3052 habebunt
347 2986 465 3068 locum,
488 3005 588 3069 quum
608 3005 673 3050 non
696 2986 739 3050 sit
761 2985 886 3083 satirici
907 2984 947 3049 de
962 2985 1003 3049 iis
1020 2982 1117 3048 rebus
1132 2984 1211 3067 quid
1230 3005 1300 3050 seu·

106 3175 114 3180 .
160 3124 224 3190 tiat
252 3123 399 3193 versibus
428 3124 600 3206 mandare,
634 3123 691 3190 scd
718 3123 752 3189 in
780 3121 924 3190 moribus
949 3124 1057 3208 potius
1081 3121 1300 3189 describendis

161 3264 430 3351 corrigendisque
451 3265 585 3331 versari.
