2834 4609
621 304 662 365 37

545 396 750 407 .————-

181 548 286 632 „Nam
313 551 506 636 sapientiam
542 550 672 635 quidem
688 552 806 634 ipsam
842 553 915 634 quis
951 572 1070 636 negare
1105 556 1215 635 potest

180 710 265 769 „non
286 687 382 755 modo
404 710 440 755 re
463 710 533 755 esse
549 690 729 772 antiquam,
752 689 926 756 sedetiam
940 689 1100 756 nomine?
1124 689 1215 768 Quae

181 826 383 908 „divinarum
424 827 704 912 humanarumque
746 849 879 909 rerum,
932 832 1003 894 tum
1046 827 1215 894 initiorum

181 985 438 1051 „causarumque
452 967 609 1050 cuiusque
626 967 675 1032 rei
689 968 875 1051 cognitione
886 965 949 1033 hor
963 966 1215 1052 pulcherrimum

182 1123 319 1184 „nomen
334 1104 422 1188 apud
438 1105 590 1188 antiquos
614 1103 865 1189 adsequebatur.
878 1106 923 1190 ¹)“

165 1266 288 1346 Quibus
303 1266 542 1335 omnibus‘loeis
553 1269 588 1334 id
598 1269 804 1352 potissimum
815 1269 968 1355 physicae
983 1289 1101 1336 munus
1117 1269 1215 1355 signi-

47 1404 213 1473 ‘ficatum
235 1410 299 1486 est,
322 1411 360 1470 ut
381 1427 490 1473 rerum
512 1412 666 1473 naturam
693 1426 868 1491 eorumque
890 1427 1005 1474 causas
1025 1408 1214 1492 inquireret.
1285 1395 1287 1398 ⁵

167 1568 267 1636 Stoici
288 1591 309 1636 a
330 1571 464 1655 physica
493 1569 800 1655 proficiscebantur,
832 1591 930 1656 quum
963 1571 1003 1636 de
1031 1571 1139 1674 ethica
1167 1572 1216 1637 in·

74 1709 254 1775 stituerunt
270 1709 506 1792 quaestionem
522 1730 599 1774 nam
614 1715 733 1776 natura
755 1710 886 1794 cognita
908 1708 1113 1794 sequebatur,
1137 1708 1216 1794 quid

77 1847 209 1928 malum,
232 1845 350 1932 quidve
372 1845 493 1914 bonum
516 1855 610 1915 esset.

180 2010 357 2096 „Physieae
385 2032 514 2096 queque
541 2032 607 2078 non
637 2013 705 2078 sine
740 2032 839 2079 eausa
872 2011 1015 2078 tributus
1042 2012 1129 2079 idam
1163 2016 1214 2079 est

182 2148 304 2232 ‚bonos
344 2154 381 2215 ut
417 2149 549 2216 virtutis
590 2149 719 2215 nomine
764 2119 987 2235 appellaretur
1001 2151 1049 2218 'a
1087 2149 1215 2232 Stoicis,

182 2293 375 2374 „propterea
410 2289 514 2374 quod,
548 2290 605 2374 qui
640 2289 869 2355 convenienter
898 2294 1035 2355 naturae
1068 2289 1215 2356 victurus

182 2432 268 2509 ‚‚est,
297 2428 327 2494 ei
349 2401 619 2513 proficiscendum
641 2433 691 2494 est
714 2424 756 2491 ab
779 2427 867 2493 omni
895 2425 1015 2492 mundo
1044 2433 1143 2512 atque
1172 2425 1214 2493 ab

182 2564 272 2646 „eius
298 2565 560 2651 procreatione.“
598 2602 642 2614 —
679 2539 940 2650 Circumscriptis
962 2565 1061 2654 igitur
1082 2533 1122 2631 iis
1144 2586 1215 2632 sen·

183 2703 324 2784 „tentiis
348 2723 428 2789 quas
450 2703 555 2788 posui,
578 2707 611 2767 et
633 2703 683 2783 iis,
706 2704 734 2768 si
757 2722 841 2787 quae
863 2701 985 2770 similes
1001 2723 1112 2769 earum
1128 2709 1213 2786 sunt,

182 2841 419 2926 „relinquiturp
444 2847 482 2907 ut
508 2813 667 2908 summum
695 2841 817 2908 benum
843 2842 886 2907 sit
915 2843 1021 2909 vivere
1044 2842 1215 2909 scientiam

184 2978 412 3060 „adhibentem
435 2999 547 3047 aarum
568 3001 686 3062 rerum,
710 3001 794 3065 quas
816 2984 936 3047 natura
959 2980 1119 3060 eveniunt,
1142 2979 1215 3048 seli·

184 3123 343 3202 „gentem
367 3139 450 3201 quae
472 3117 649 3184 secuudum
671 3122 833 3199 naturam,
857 3122 890 3183 et
914 3138 998 3201 quae
1022 3122 1137 3183 eontra
1159 3137 1217 3184 na·

184 3260 314 3337 „turem
326 3257 395 3322 eius
406 3236 616 3340 rejiaientem
632 3255 667 3322 id
682 3261 733 3322 est
748 3256 975 3323 convenienter
987 3259 1216 3338 congruenter·

185 3413 268 3479 „que
290 3400 428 3461 naturae
450 3394 621 3479 vivere.²)“

183 3560 268 3638 „Ast
288 3558 350 3648 γὰρ
370 3554 497 3637 τούτοις
518 3551 665 3648 συνάψαι
691 3554 748 3624 τὸν
769 3557 848 3646 περὶ
876 3551 1008 3642 ἀγαθῶν
1036 3556 1090 3625 καὶ
1115 3560 1218 3630 κακῶν

182 3691 313 3783 ,,λόγο’ν,
337 3694 394 3764 οὐκ
416 3689 515 3787 οὔσης
536 3692 636 3785 ἄλλης
657 3688 764 3785 ἀρχῆς
792 3690 896 3762 αὐτῶν
925 3691 1112 3781 ἀμείνονος,
1140 3692 1215 3784 eriis
1257 3745 1263 3760 ,

184 3832 388 3927 ,,ἆναςοορᾶς,
411 3832 449 3904 οὐ
472 3833 503 3904 δ’
526 3831 625 3905 ἄλλου
645 3838 734 3918 τινος
762 3838 865 3906 asana
890 3839 949 3926 τῆς
974 3840 1112 3925 φυσικῆς
1132 3841 1216 3903 taa-

157 4167 176 4233 ¹)
194 4165 301 4222 Cicer.
319 4166 353 4223 de
370 4167 415 4223 fin.
433 4168 481 4237 111,
500 4172 524 4235 5,
544 4173 577 4224 17
583 4186 591 4238 ;
609 4170 690 4226 Tusa
706 4170 740 4236 V,
758 4174 782 4237 8,
801 4174 825 4224 ⁷.

156 4263 175 4331 ²)
194 4259 294 4317 Cicer.
312 4261 347 4318 da
363 4262 409 4317 fin.
426 4262 474 4330 111,
492 4263 534 4332 22,
553 4264 664 4334 733111,
682 4267 714 4331 9,“
724 4268 765 4319 31.
