2834 4609
724 264 790 330 '42

193 507 290 581 moto
318 514 445 598 potost3
473 509 654 583 6666666666
676 514 725 594 ai,
751 533 794 584 no
820 512 967 584 ordinem
988 510 1101 583 turbet
1121 531 1201 582 nove
1222 513 1327 583 locum

193 652 314 730 666666,
336 650 393 734 qni
413 647 475 718 sibi
490 669 556 719 non
578 651 622 718 sit
641 649 751 719 datura
782 650 835 720 Ita
856 671 985 735 quoquo
1007 650 1164 720 66616666
1184 649 1277 720 dicit:

301 810 465 899 „licitene
485 804 516 879 el
537 816 598 879 τοῦ
617 807 814 899 κόσμουῑ);“

192 955 226 1017 at
246 949 378 1017 Cicero:

299 1086 363 1168 „Ut
395 1088 481 1155 anim
508 1089 662 1156 histrioni
688 1090 794 1172 actio,
817 1090 968 1157 saltatori
994 1095 1103 1157 motus
1124 1109 1190 1158 non
1212 1089 1324 1174 quivis,

299 1225 373 1306 „sed
395 1231 504 1293 certus
526 1226 659 1312 quidam
674 1231 725 1293 est
740 1226 846 1308 datus,
869 1215 917 1293 sio
931 1229 999 1294 vita
1013 1187 1140 1311 agenda
1161 1232 1212 1293 est
1235 1230 1324 1293 certo

208 1365 213 1370 ’
298 1384 433 1449 „gauere
455 1364 606 1449 quodam,
629 1385 695 1432 non
716 1364 873 1450 quolibet
882 1365 926 1450 ‘t‘

279 1545 368 1625 Quae
381 1541 557 1631 lex‘qualis
573 1547 623 1628 sit,
640 1546 758 1631 quidve
772 1547 964 1632 praecipiat,
980 1545 1086 1611 altera
1101 1550 1152 1611 est
1163 1548 1321 1631 quaestio,

191 1703 275 1768 quae
296 1704 373 1749 vera
392 1684 511 1749 morali
532 1682 755 1769 philosophiae
770 1686 859 1767 parti
880 1682 1054 1750 tribuenda
1069 1690 1127 1751 est.
1165 1683 1256 1750 Haec
1270 1684 1323 1751 lex

192 1820 309 1886 Stoicis
338 1826 410 1887 erat
437 1820 520 1888 illud
550 1841 684 1906 sequere
706 1826 875 1900 naturam,
898 1820 1025 1906 dequo
1044 1821 1113 1905 jam
1135 1843 1235 1905 supra
1258 1819 1324 1888 dis·

190 1957 359 2025 seruimus.

276 2138 390 2207 Paullo
413 2140 515 2207 fusius
537 2140 622 2207 hanc
647 2161 716 2207 rem
745 2140 973 2221 tractavimus,
998 2161 1061 2223 quo
1084 2138 1198 2205 melius
1220 2138 1324 2206 Persii

189 2299 301 2345 versus
325 2281 364 2343 66
388 2299 458 2362 sqq.
481 2278 718 2362 intelligantur.

276 2431 384 2524 Verba
420 2460 506 2523 euim
543 2436 644 2543 „quid'
673 2459 826 2524 sumus“?
862 2458 1027 2546 pertinent
1060 2457 1103 2522 ad
1138 2458 1322 2523 Stoicorum

186 2597 371 2684 physicam
393 2594 492 2668 verba
518 2600 643 2676 „metae
667 2617 732 2679 qua
747 2596 855 2664 mollis
877 2594 980 2666 flexus
996 2600 1030 2659 et
1043 2595 1146 2662 unde“
1173 2602 1207 2662 66
1233 2598 1323 2681 „quis

187 2733 301 2800 modus
324 2738 459 2817 argento
486 2739 565 2799 etc.“
598 2732 640 2802 ad
670 2733 820 2800 ethicam.
867 2731 976 2802 Verba
1002 2732 1177 2816 interjecta
1210 2734 1322 2817 „quid-

186 2893 262 2956 nam
284 2871 401 2938 victuri
423 2840 705 2958 gignimurpordo
730 2871 804 2955 quis
827 2870 951 2951 datus,“
979 2869 1095 2953 quibus
1117 2890 1199 2936 vers.
1225 2876 1264 2934 66
1288 2876 1322 2935 66

188 3014 230 3096 66,
250 3010 336 3079 inter
358 3030 391 3082 sa
413 3009 671 3098 conjunguntur,
695 3008 880 3098 exprimunt
911 3028 1045 3088 nexum,
1075 3009 1132 3092 qui
1159 3014 1210 3080 est
1232 3010 1320 3073 inter

185 3147 353 3232 physicam
382 3152 415 3216 66
444 3126 607 3217 ethicam..
644 3146 729 3216 Nam
757 3146 831 3212 duci
865 3166 924 3211 uos
952 3145 1115 3238 significat
1143 3146 1273 3217 Persius
1300 3168 1322 3212 a

186 3283 320 3376 physica
342 3284 384 3350 ad
406 3284 545 3384 ethicam
568 3267 752 3353 tractandis
780 3283 1042 3372 quaestionibus:
1075 3283 1179 3364 „Quid
1200 3284 1321 3358 victuri

187 3423 348 3513 gignimur
357 3423 389 3487 ?“
417 3426 451 3487 et
476 3385 583 3502 „Ordo
606 3422 679 3510 quis
702 3421 842 3492 (166666ιι

256 3725 280 3790 ¹)
298 3722 368 3777 Dies.
385 3723 419 3777 Π.
440 3726 479 3777 10.

255 3834 278 3903 ²)
293 3834 336 3888 De
352 3831 398 3887 fin.
413 3834 466 3901 ΠΙ,
483 3837 509 3902 7,
526 3835 562 3892 66
579 3834 618 3894 ct.
631 3834 747 3892 Soucc.
764 3836 858 3905 6696.
876 3834 967 3896 Etiam
984 3834 1137 3896 Rittsrus
1153 3835 1218 3897 hirc
1233 3835 1321 3905 legem

139 3995 144 4000 ,
186 3928 251 3982 oriri
264 3927 416 3982 hominibus
436 3932 578 3983 memorat:
597 3927 706 3996 „Iudam
724 3946 781 3983 nun
796 3929 840 3983 die
854 3915 963 3992 Stoiker
979 3929 1024 3988 (lle
1039 3944 1127 3999 garze
1141 3930 1216 3987 66616
1233 3930 1321 3988 auem

185 4020 364 4089 allgemeinen
382 4021 495 4076 Geretae
512 4021 736 4089 unterordneten‚
754 4027 874 4082 mussteu
891 4024 932 4080 sic
949 4038 979 4084 aa
996 4024 1067 4082 auch
1085 4024 1130 4079 fur
1146 4024 1320 4093 nothvendig

187 4112 323 4180 eraohten,
341 4113 404 4169 dass
422 4115 465 4169 ein
475 4114 554 4183 jeder
569 4115 647 4171 Theil
661 4116 710 4170 der
723 4117 799 4172 66616
813 4117 871 4171 sich
884 4117 988 4181 diesem
1004 4118 1120 4179 Geretae
1132 4116 1321 4174 unterordnc.“

187 4203 349 4262 Geschichte
365 4208 414 4263 der
431 4210 476 4263 alt
494 4209 660 4276 Philositi,
678 4210 736 4265 629.
759 4285 762 4295 .
