2834 4609
642 264 761 323 59.

558 353 764 364 mannan-

174 514 298 593 Tertia,
322 531 406 596 quae
420 512 611 596 prudentiae
628 511 860 581 adnumeratur
883 511 984 576 virtue
1001 514 1049 575 eet
1065 504 1225 592 ἀγχίνοιὰε

189 610 381 734 ,,’Λγχῖνοια
409 644 571 739 ἐπιστήμη
598 646 746 737 edomito}
781 653 838 712 τοῦ
867 644 1062 734 καθήκονιος
1100 645 1135 713 ἐκ
1169 651 1227 713 τοῦ
1262 702 1265 703 ⁷

192 792 423 877 „cumacina-
434 791 479 872 1)“

127 951 129 956 '
170 944 234 1011 Est
270 945 371 1030 igitur
409 945 557 1023 scientia,
593 965 675 1028 quae
715 943 952 1009 dubitationem
988 942 1105 1028 agendi
1140 943 1226 1009 tollit

85 1090 184 1168 atque
211 1085 257 1162 is,
295 1084 351 1167 qui
380 1104 418 1146 ea
448 1085 497 1147 est
525 1081 692 1166 praeditus
722 1083 857 1161 virtute,
892 1083 925 1145 in
956 1102 1084 1165 quoque
1114 1101 1148 1147 re
1182 1079 1224 1146 ad

84 1243 218 1290 manum
240 1220 357 1301 habet,
388 1220 465 1305 quid
487 1220 671 1287 iaciendum
695 1223 747 1285 sit.

170 1378 304 1444 Persius
326 1378 360 1441 in
382 1379 490 1444 satiris
513 1377 601 1443 nullo
625 1378 696 1442 loco
720 1379 826 1463 tangit
848 1378 931 1442 hano
956 1376 1117 1444 virtutem.

168 1533 326 1618 Sequitur
348 1533 435 1618 apud
459 1532 633 1600 Stobaeum
658 1532 825 1611 vectatum
850 1537 1005 1616 quaeest
1034 1527 1222 1616 ,ἐπιστήμη

81 1667 286 1759 ductamina}
307 1674 365 1735 uoti
386 1665 420 1737 ἐν
441 1666 565 1755 ἑκάστῳ
587 1674 740 1734 σκοποῦ.“

83 1811 227 1878 Scientia
249 1817 299 1877 est
321 1812 355 1875 in
377 1829 506 1894 quaque
529 1830 563 1874 re
587 1815 737 1894 suscepta
757 1812 853 1874 finem
871 1815 995 1874 certum
1017 1806 1220 1891 assequendi.

168 1977 308 2062 Sapiens
335 1975 450 2059 igitur,
481 1973 637 2059 quidquid
668 1975 749 2056 agit,
778 1973 874 2037 tinem
901 1972 962 2038 sibi
992 1977 1117 2037 certum
1146 1968 1220 2055 pro-

5 2100 7 2105 *
81 2114 173 2196 ponit
194 2119 302 2199 neque
325 2111 366 2178 ab
389 2132 427 2178 ec
450 2108 592 2178 aberrat.
692 2101 695 2107 ⁵

184 2278 318 2359 „Omnis
340 2277 440 2361 igitur
462 2275 555 2344 labor
576 2277 686 2375 atiquo
717 2279 892 2357 ieteratur,
922 2276 1032 2360 aliquo
1056 2274 1216 2361 respiciat.

186 2415 278 2497 „Non
292 2414 455 2482 industria
469 2414 640 2500 inquietin,
665 2415 722 2481 sed
737 2416 867 2482 insanos
883 2414 985 2491 falsae
1006 2434 1114 2479 rerum
1138 2413 1217 2491 ima·

187 2555 296 2641 „gines
318 2555 448 2639 agitant
472 2605 478 2616 .
505 2606 510 2617 .
536 2602 542 2618 .
569 2562 596 2616 .“

190 2718 459 2804 „Proponendum
475 2723 525 2785 eat
540 2719 651 2803 itaque
666 2719 816 2803 primum,
840 2717 918 2801 quid
933 2718 984 2799 sit,
1009 2717 1096 2802 quod
1118 2737 1217 2801 appe-

186 2865 329 2940 „tamus‚
365 2863 436 2922 tuin
463 2855 803 2942 circumspiciendum,
835 2876 900 2939 qua
933 2855 1127 2922 contendere
1157 2856 1214 2921 illo

187 2996 371 3076 „eeleriime
393 2995 621 3081 possimus.²)“
713 2996 716 3001 ’

166 3163 298 3228 Persius
324 3182 452 3247 quoque
479 3182 533 3228 cos
555 3160 728 3246 vituperat,
752 3161 806 3244 qui
828 3160 924 3226 finem
941 3166 1065 3226 eertum
1085 3160 1214 3227 omnino

83 3318 145 3363 non
167 3304 291 3385 petant.
303 3302 329 3386 ³)

167 3465 260 3545 Quod
282 3467 325 3534 ad
340 3467 489 3552 quintam
505 3467 633 3549 attinet,
657 3488 755 3552 quam
771 3465 929 3532 Stobaeus
945 3466 987 3532 ad
1002 3466 1212 3550 prudentiam

83 3608 227 3683 spectare
257 3606 353 3673 docet
400 3606 553 3675 virtutem
586 3602 794 3693 εὐμηχανίαν,
830 3627 913 3691 quae
947 3612 997 3670 est
1027 3599 1211 3692 ,,ἐπιστὴμη

151 4010 171 4077 ¹)
189 4012 274 4068 Stob.
292 4013 308 4067 l.
327 4030 348 4067 o.
429 4005 430 4008 ¹

152 4113 171 4181 ²)
189 4093 298 4173 Senea
316 4117 350 4173 de
367 4125 471 4190 nunqu.
489 4121 569 4175 anim.
589 4121 648 4187 xn,
667 4123 705 4188 5.;
724 4121 758 4176 de
776 4123 820 4175 vit.
839 4123 907 4176 beat.
925 4124 944 4189 1,
967 4129 987 4176 l.

129 4226 132 4253 ³
150 4218 170 4286 ³)
188 4220 242 4277 sat.
259 4222 306 4289 ΠΙ,
325 4224 359 4278 60
376 4238 433 4294 sqq.
455 4241 480 4278 v.
499 4242 524 4293 p.
544 4227 566 4277 7.
