2834 4609
739 293 780 357 78

276 538 385 607 Etiam
407 540 537 606 Persius
559 538 619 606 fati
640 540 836 607 mentionem
858 540 955 608 feeit:

299 676 392 761 „Non
413 677 564 763 equidem
585 677 647 747 hoa
669 677 808 761 dubites,
832 678 1004 750 amborum
1026 681 1157 750 foedere
1178 688 1271 750 certo

298 816 509 900 „Consentire
531 816 601 885 dies
624 824 657 885 et
679 817 722 885 ab
744 839 809 885 uno
832 819 937 886 sidere
960 819 1053 886 duci:

298 954 439 1037 „Nostra
461 955 512 1023 vel
534 957 665 1042 aequali
685 955 855 1042 suspendit
876 962 1026 1042 tempora
1046 955 1148 1024 Libra

298 1093 422 1177 „Parca
442 1100 542 1163 tenax
563 1096 640 1177 veri,
664 1116 722 1162 seu
744 1100 824 1163 nata
845 1094 994 1162 fidelibus
1015 1094 1099 1162 hora

298 1232 442 1315 „Dividit
462 1235 497 1300 in
520 1230 673 1301 Geminos
696 1233 871 1302 eoncordia
892 1233 963 1300 fata
985 1233 1132 1316 duorum,

298 1372 557 1458 „Saturnamque
579 1394 712 1459 gravem
734 1379 845 1441 nostro
868 1373 948 1440 Jove
970 1371 1150 1458 frangimus
1171 1394 1254 1441 una:

298 1512 434 1594 „Nescio
479 1512 584 1598 quod,
629 1518 719 1579 oerte
762 1519 813 1580 est
849 1510 937 1596 quod
979 1532 1031 1577 me
1067 1510 1128 1577 tibi
1163 1516 1329 1598 temperat

499 1654 654 1733 „astrum
666 1652 713 1737 l)“

189 1790 294 1857 Parca
315 1790 423 1875 posita
445 1794 496 1856 est
515 1810 577 1876 pro
599 1789 678 1857 fato.
724 1791 918 1877 Antiquiora
947 1796 1094 1876 tempore
1115 1791 1239 1857 Romae
1260 1813 1329 1859 una

188 1928 240 1995 vel
267 1928 378 2015 plures
404 1928 528 1996 Pareae
563 1934 659 1995 erant
687 1928 769 1997 deae
797 1930 961 2017 partus')
1006 1929 1126 1997 Postea
1150 1927 1329 2001 confunde

188 2066 309 2134 bantur
330 2067 453 2135 Pareae
476 2087 549 2133 oum
572 2066 772 2134 Graecorum
793 2067 958 2156 Μοίραις,
983 2068 1031 2135 ita
1059 2072 1096 2134 ut
1126 2067 1196 2135 fata
1217 2069 1330 2156 singu·

187 2205 293 2273 lorum
315 2204 580 2291 significarent.³)

274 2342 442 2411 Vocabula
476 2344 560 2427 „veri
588 2349 705 2411 tenax“
737 2364 804 2410 non
832 2343 875 2410 ad
904 2365 992 2428 rem,
1032 2346 1090 2412 sed
1120 2345 1162 2413 ad
1192 2345 1328 2413 modum

188 2482 292 2550 solum
313 2483 492 2567 respicere,
515 2503 579 2567 quo
601 2480 910 2567 repraesentabatur
932 2483 1037 2552 Paroa
1059 2483 1177 2551 libram
1199 2491 1328 2569 terrens,

139 2678 142 2683 ⁴
187 2621 435 2689 doeetlahuius
457 2619 553 2687 adh.
577 2621 634 2707 l.⁴)
703 2692 705 2696 Α

272 2761 393 2827 Fatum
414 2742 583 2847 prdprium
605 2781 667 2827 vox
688 2760 778 2827 Iovis
801 2767 865 2826 est:
893 2760 982 2843 „Vox
1004 2762 1089 2829 enim
1108 2761 1197 2829 Jovis
1219 2763 1330 2831 fatum

187 2904 237 2968 est
249 2950 256 2966 .
270 2950 277 2965 .
291 2950 299 2965 .
312 2905 340 2966 .“
360 2899 463 2983 ,Juno
473 2899 584 2966 'sciens
599 2898 703 2965 fatum
718 2920 797 2980 esse,
818 2900 978 2985 quidquid
992 2900 1112 2967 dixerit
1126 2900 1266 2987 Jupiter.
1275 2902 1328 2990 ⁶)“

276 3038 413 3121 „Fatum
434 2994 741 3122 dieunt,quidquid
763 3036 808 3101 dii
830 3036 1009 3124 fantur.⁸)“

187 3177 375 3263 Astrologia
397 3196 526 3261 quoque
547 3175 614 3243 illis
635 3174 782 3243 versibus
803 3198 824 3244 a
845 3184 944 3261 poeta
965 3177 1121 3263 tangitur.
1166 3177 1329 3246 Homines

186 3337 297 3383 rerum
322 3314 506 3381 futurarum
536 3313 674 3382 studiosi
710 3336 748 3382 eo
776 3313 1040 3399 adducebantur,
1077 3321 1115 3382 ut
1145 3316 1253 3385 sidera
1283 3318 1330 3385 de

186 3448 263 3515 fatis
285 3437 353 3515 suis
376 3445 591 3513 consulerent.
637 3435 788 3512 Siderum
810 3447 896 3513 enim
917 3452 1025 3514 motus
1047 3451 1118 3514 tum
1138 3446 1329 3514 hominibus

187 3564 300 3655 areant
315 3585 442 3671 aliquid
459 3583 583 3652 habent
605 3584 798 3671 occultique,
821 3592 891 3653 tum
907 3586 1081 3654 cohaerent
1097 3608 1171 3654 eum
1184 3592 1329 3654 naturae

261 3819 277 3888 ¹)
296 3819 400 3874 Satin.
419 3819 451 3887 V,
469 3820 503 3872 45
522 3835 580 3888 sqq.

257 3907 277 3976 ²)
296 3905 336 3960 cf.
354 3905 436 3959 Geli.
452 3921 477 3959 n.
495 3905 552 3960 Att
570 3905 619 3972 III,
638 3906 678 3972 16,
698 3907 738 3960 10.
790 3937 801 3956 .

255 3994 277 4058 ³)
297 3992 337 4047 (if.
356 3991 475 4047 catull.
493 3993 535 4059 64,
553 3994 604 4046 306
622 4007 681 4060 sqq.

256 4077 277 4145 ‘I
295 4076 336 4131 cf.
353 4077 384 4130 Il.
401 4077 474 4141 VIII,
491 4079 538 4142 693
555 4077 632 4143 XVI,
649 4079 716 4147 6583
734 4079 808 4148 XIX,
825 4078 890 4147 2233
908 4080 995 4146 XXII,
1013 4079 1071 4135 209.

257 4164 277 4232 ⁵)
295 4164 383 4218 Serv.
402 4164 435 4217 A.
451 4164 485 4228 X,
503 4163 721 4230 628;xl1‚808.

257 4248 278 4315 ⁶)
295 4247 373 4301 Isid.
392 4248 457 4315 orig.
475 4247 548 4315 VIII,
569 4250 608 4313 11,
626 4250 667 4303 90.
