2834 4609
660 256 700 316 53

112 504 270 589 scriptam
292 523 363 571 esse
384 502 609 570 iudicaverunt
623 501 707 569 hanc
724 502 869 584 satiram,
892 500 933 567 de
954 504 1146 587 argumento
1167 499 1249 568 haec

111 647 264 710 annotat:

217 833 275 915 „In
289 832 351 898 hac
371 833 475 898 satira
489 832 620 898 Persius
642 830 776 915 vulgare
798 831 915 896 vitium
936 835 1039 912 notat,
1063 850 1128 914 quo
1149 830 1252 896 homi·

218 992 295 1053 „nes
318 992 352 1036 se
367 972 455 1056 ipsos
469 970 624 1036 noscendi
644 968 792 1035 laborem
811 968 972 1053 fugientes
987 969 1140 1053 propriae
1161 969 1251 1035 vani·
1334 1035 1339 1046 ,

217 1110 301 1191 „tati
323 1114 422 1193 atque
445 1109 583 1184 aliorum
605 1107 820 1174 assentationi
841 1106 946 1172 fidunt
968 1112 1001 1172 ct
1034 1108 1142 1174 aliena
1170 1108 1250 1173 vitia

217 1269 352 1330 „curare
374 1252 473 1331 atque
496 1247 658 1332 corrigere
681 1268 779 1330 quam
800 1246 935 1332 propria
956 1245 1113 1312 malunt.“

200 1436 280 1502 Vult
301 1437 402 1522 igitur
423 1437 561 1504 Jahnius
583 1437 800 1521 conscriptam
830 1457 900 1503 esso
929 1435 1013 1501 hanc
1043 1437 1181 1502 satiram
1210 1437 1251 1504 de

112 1575 248 1660 Pythico
263 1575 320 1642 illo
348 1578 477 1658 „saca
507 1573 643 1640 σαυτόν“
671 1577 968 1660 expositionemque
985 1594 1055 1640 esse
1069 1574 1166 1641 huius
1181 1596 1252 1642 sen-

113 1700 252 1795 tentiae,
285 1736 383 1799 quam
405 1714 449 1780 ad
470 1715 669 1799 sequendam
690 1715 847 1782 virtutem
869 1715 984 1781 summi
1006 1714 1160 1781 momenti
1181 1735 1251 1779 esse

114 1874 225 1920 omnes
246 1853 438 1938 praedicant
458 1853 653 1939 philosophi.
699 1854 764 1921 Sed
785 1876 885 1939 quum
912 1859 1018 1920 totam
1048 1853 1186 1920 satiram
1208 1850 1252 1917 ad

112 1994 175 2061 hoc
197 1997 425 2077 argumentum
446 1991 636 2074 referamus,
659 2013 771 2059 versus
798 1996 940 2058 17-22:

220 2184 331 2266 „Quae
355 2183 417 2249 tibi
439 2203 564 2250 summa
585 2183 662 2249 boui
685 2185 756 2249 est?
783 2188 884 2250 uncta
906 2184 1025 2250 vixisse
1045 2182 1169 2269 patella

219 2323 373 2406 „Semper
395 2327 428 2388 et
450 2322 581 2388 assiduo
604 2327 719 2389 curata
742 2323 884 2388 cuticula
906 2323 996 2389 sole?

222 2460 414 2544 „Exspecta
437 2460 525 2526 haud
547 2460 638 2526 aliud
660 2461 856 2544 respondeat
877 2460 958 2527 haec
980 2481 1071 2527 anus.
1113 2460 1129 2526 1
1150 2482 1253 2527 nunc:

221 2598 457 2680 „Dinomaches
480 2620 539 2684 ego
569 2620 657 2681 sum,
688 2600 796 2681 suffla,
827 2622 898 2666 sum
920 2600 1143 2667 candidus-
1164 2605 1253 2680 csto;
1277 2688 1280 2694 1

221 2737 328 2819 „Dum
348 2713 390 2803 ne
412 2737 555 2804 deterius
578 2739 686 2824 sapiat
707 2738 871 2824 pannucia
892 2739 1019 2821 Baucis,

223 2877 350 2958 „Quum
371 2875 453 2943 bene
476 2876 633 2943 discincto
656 2877 840 2944 cantaverit
861 2877 966 2943 ocima
986 2880 1135 2943 remae.“

119 3066 283 3134 offendere
305 3066 394 3132 haud
409 3087 604 3150 quemquam
620 3067 761 3152 effugiet.
784 3068 844 3133 His
860 3067 945 3132 enim
960 3065 1105 3132 versibus
1127 3066 1257 3132 Persius
1278 3075 1280 3080 '

114 3185 251 3271 ininime
273 3205 439 3291 vituperat
462 3225 552 3286 eum,
576 3205 632 3289 qui
654 3226 689 3270 se
711 3206 818 3289 ipsum
840 3226 905 3270 non
927 3204 1071 3285 noverit,
1094 3204 1151 3269 sed
1173 3224 1256 3285 eum,

119 3344 176 3428 qui
199 3344 238 3410 ds
260 3345 381 3410 virtute
402 3365 480 3411 vers
502 3346 650 3431 verisque
679 3344 774 3411 bonis
807 3343 891 3409 falsa
924 3346 1058 3407 statuat.
1103 3342 1136 3408 Is
1171 3341 1257 3408 enim

118 3482 226 3562 homo,
249 3483 306 3566 qui
328 3504 488 3550 summum
509 3483 630 3550 bonum
651 3483 781 3565 habeat,
809 3485 927 3563 ‚guncta
949 3481 1065 3547 vixisse
1077 3480 1202 3566 patella
1223 3487 1258 3547 ct

120 3620 252 3687 assiduo
276 3626 390 3687 curata
413 3622 558 3720 cuticula
570 3623 668 3703 sole‚“
693 3622 749 3705 qui
767 3621 893 3706 generis
912 3620 963 3686 sui
979 3620 1083 3705 gloria
1098 3620 1258 3706 corporis-

57 3805 60 3810 ·
120 3780 183 3844 que
205 3758 348 3826 confidat
376 3759 629 3843 pulchritudine,
660 3782 725 3827 non
756 3766 806 3826 est
831 3757 1027 3825 monendus:
1086 3746 1196 3826 Nosce
1222 3763 1257 3824 te

119 3900 236 3983 ipsum,
259 3897 332 3963 sed:
371 3898 570 3990 Gognpscas,
601 3920 700 3983 quam
729 3898 814 3984 ‚viles
847 3899 1023 3981 inanesque
1045 3897 1201 3978 sintice,
1223 3897 1259 3962 in

121 4035 239 4120 quibus
261 4019 421 4103 summum
443 4043 479 4103 tu
507 4058 610 4122 ponas
636 4036 771 4118 bonum;
800 4057 915 4103 noscas
941 4036 1096 4101 virtutem
1123 4032 1258 4099 bonum-

121 4195 185 4258 que
206 4196 326 4241 verum.
