2834 4609
644 264 683 323 21

561 353 765 365 u———--

202 512 292 595 „Nou
313 512 475 596 praetoris
497 513 570 576 erat
591 509 701 576 stultis
724 509 802 576 dare
824 508 936 576 tenuia
958 529 1068 575 rerum

200 648 333 731 „Officia
354 655 452 732 atque
475 669 569 714 usum
591 647 730 732 rapidae
747 647 935 733 permittere
957 647 1058 712 vitae:

115 793 167 855 95.
199 788 413 871 „Sambucam
435 788 531 854 citius
553 786 660 854 caloni
681 785 845 871 aptaveris
867 787 945 851 alto.

201 926 295 1008 „Stat
316 931 431 993 contra
451 926 536 991 ratio
559 929 591 990 et
613 929 772 989 secretam
793 923 897 1007 garrit
917 923 952 988 in
974 942 1096 1003 aurem,

201 1064 268 1146 „Ne
288 1064 387 1129 liceat
409 1062 516 1128 facere
537 1062 572 1128 id
594 1061 681 1146 quod
703 1061 777 1145 quis
799 1060 929 1126 vitiabit
951 1060 1087 1145 agendo.

202 1201 353 1284 „Publica
369 1203 426 1267 'lex
448 1201 613 1267 hominum
633 1203 816 1282 naturaque
839 1198 983 1264 continet
1004 1197 1066 1263 boc
1090 1199 1148 1280 fas,

202 1340 266 1421 „Ut
287 1344 398 1405 teneat
420 1340 538 1406 vetitos
560 1339 690 1404 inscitia
713 1337 827 1404 debilis
849 1340 969 1404 actus.“

180 1531 229 1598 De
243 1530 373 1596 homine
388 1530 507 1614 agitur,
531 1531 587 1613 qui
603 1529 724 1594 domini
737 1522 990 1594 manumissione
1005 1528 1230 1613 praetorisque

89 1668 240 1736 vindicta
269 1689 380 1735 veram
407 1689 442 1735 se
471 1674 684 1752 assequutum
718 1689 787 1733 esse
820 1667 1006 1732 libertatem
1040 1667 1229 1732 arbitratur.

89 1808 214 1873 Errare
243 1827 317 1873 eum
346 1806 428 1872 dicit
449 1806 594 1886 Persius,
626 1826 725 1889 quum
752 1826 817 1871 non
845 1826 945 1890 penos
973 1811 1157 1890 praetorem
1186 1805 1230 1869 sit

35 1943 39 1950 ’
90 1944 147 2011 lex
168 1966 294 2012 summa
314 1944 525 2031 publicaque,
555 1966 653 2029 quam
676 1965 787 2010 omnes
814 1943 973 2026 homines,
1003 1945 1070 2009 sive
1091 1943 1230 2009 Romani

91 2084 170 2166 sint,
194 2084 260 2150 sive
282 2105 356 2165 non,
380 2087 558 2167 sequantur
572 2102 704 2148 necesse
721 2083 772 2163 sit,
796 2081 927 2148 sibene
950 2088 1102 2166 recteque
1124 2083 1230 2148 vivere

90 2220 202 2288 velint.
227 2222 332 2300 Quam
353 2222 456 2305 legem
472 2220 594 2306 duplici
608 2220 704 2287 modo
727 2218 897 2305 significat.
919 2219 1056 2286 Versum
1072 2221 1157 2285 ‘enim
1174 2226 1229 2286 98:

203 2408 356 2491 „Publica
377 2410 430 2475 lex
452 2410 618 2476 hominum
639 2414 821 2493 naturaque
846 2411 992 2478 continet
1013 2411 1074 2477 hoc
1097 2410 1173 2491 faS‚“

96 2549 234 2614 eundem
257 2569 387 2613 sensum
407 2547 563 2633 praebere
587 2568 626 2613 ac
649 2549 676 2612 si
692 2549 860 2633 scripserit
873 2553 984 2633 poeta:
1012 2548 1165 2629 „Publica
1178 2550 1231 2615 lex

97 2685 272 2768 hominum,
294 2691 424 2768 natura,
447 2687 592 2753 continet
612 2686 674 2751 hoc
695 2684 773 2766 fas,“
799 2725 843 2736 ·-
865 2692 1015 2771 apertum
1037 2693 1095 2752 est.

183 2875 353 2941 Publica
375 2876 427 2941 lex
449 2881 499 2942 est
519 2882 652 2954 natura,
684 2899 784 2962 quum
812 2878 856 2943 sit
882 2879 1059 2944 communis
1082 2876 1230 2944 omnibus

96 3013 289 3097 hominibus,
311 3036 417 3098 neque
438 3015 577 3096 intersit,
601 3037 666 3099 qua
687 3017 722 3081 in
738 3017 869 3082 civitate
884 3016 1020 3081 vivatur.
1044 3016 1115 3082 Hoc
1129 3015 1230 3099 igitur

99 3170 139 3215 ex
153 3172 246 3217 versu
259 3153 398 3238 intelligi
413 3174 508 3239 posse
523 3158 613 3239 puto,
629 3154 776 3219 Persium
787 3174 947 3219 summum
959 3152 1085 3219 ethicae
1102 3154 1230 3220 Stoicae

96 3288 268 3374 placitum:
294 3309 446 3375 „sequere
467 3297 636 3358 naturam“
662 3292 847 3358 retinuisse.

182 3507 256 3575 Non
278 3529 360 3594 opus
382 3513 454 3575 erat
481 3516 612 3594 poetam
639 3510 723 3575 hanc
752 3516 920 3591 naturam,
952 3511 1030 3594 quid
1061 3511 1231 3594 qualisque

99 3647 152 3728 sit3
173 3646 321 3732 pluribus
344 3647 450 3714 verbis
474 3649 751 3729 circumscribere3
774 3650 808 3715 in
831 3648 929 3715 dubio
953 3672 1022 3715 csse
1038 3671 1102 3714 nou
1117 3672 1231 3733 possu-

98 3806 183 3865 muS,
207 3784 286 3869 quid
307 3792 444 3852 naturae
472 3809 548 3855 voce
571 3787 787 3872 significatum
810 3789 868 3853 sit:
903 3792 1048 3854 attamen
1070 3809 1166 3852 versu
1190 3794 1229 3852 96

99 3925 283 3990 accuratius
304 3927 497 3992 rationem
519 3928 581 3994 sibi
602 3928 693 3993 illam
715 3927 880 4012 publicam
896 3928 999 4012 legem
1015 3932 1230 4009 naturamque

97 4062 270 4128 hominum>
284 4083 354 4131 esse
382 4065 537 4132 declarat.
565 4060 665 4131 'Nam
686 4065 772 4131 idem
803 4065 884 4146 fere,
915 4065 1001 4149 quod
1031 4066 1071 4129 de
1101 4070 1230 4145 natura,
1268 4149 1271 4154 y

99 4199 138 4265 da
159 4200 287 4268 ratione
309 4224 438 4288 quoque
453 4203 542 4287 dicit,
565 4225 636 4270 eam
659 4205 764 4288 legem
780 4226 850 4270 esse
865 4203 957 4269 nobis
974 4210 1073 4286 atque
1099 4206 1231 4283 „contra
