2834 4609
215 552 410 633 Cornutum,
434 573 529 634 quem
552 551 620 616 sine
643 551 711 616 ulla
734 551 936 616 dubitatione
959 551 1261 617 hominembonum

125 712 165 757 ao
191 692 370 775 sapientem
393 695 566 755 veneratur
583 697 692 774 poeta,
716 712 780 755 non
795 691 917 774 majore
932 689 1029 755 laude
1045 688 1152 755 efferri
1166 711 1260 773 posse

121 829 304 896 arbitratur
327 837 428 913 quam
447 828 569 894 additis
592 828 707 911 verbis,
736 829 1005 909 „dinoscere“
1033 850 1105 893 eum
1128 833 1259 894 cautum

120 990 200 1035 esse.
225 967 427 1051 Sapientiam
448 968 553 1051 igitur
569 989 607 1032 ea
622 969 829 1050 potissimum
844 990 944 1033 causa
966 970 995 1033 ei
1018 966 1143 1047 tribuit,
1169 966 1256 1049 quod

121 1105 202 1190 quid
224 1127 334 1170 verum
357 1111 414 1170 aut
436 1105 554 1170 falsum
577 1107 632 1185 sit,
664 1106 743 1189 quid
765 1106 885 1172 bonum
908 1112 966 1172 aut
987 1106 1124 1187 malum,
1148 1106 1259 1171 sciat

123 1244 353 1327 cognitumque
375 1242 503 1309 habeat.

228 1382 421 1465 „Quumque
439 1384 501 1447 iter
524 1383 711 1466 ambiguum
727 1390 776 1448 ast
799 1389 832 1449 et
854 1384 940 1450 vitae
962 1385 1122 1451 nescius
1144 1393 1252 1451 err0r“

231 1519 390 1599 „Deducit
412 1520 557 1604 trepidus
580 1542 710 1586 ramosa
731 1521 765 1585 in
788 1523 929 1605 compita
951 1526 1139 1610 mentes.¹)“

207 1656 247 1723 Se
277 1659 399 1741 ipsum,
437 1680 536 1741 quum
573 1660 716 1724 noudum
753 1661 951 1743 pervenisset
984 1661 1026 1726 ad
1064 1663 1256 1745 sapientiam

118 1797 348 1880 virtutemque,
372 1796 451 1861 dicit
475 1798 508 1861 in
526 1819 635 1862 errore
650 1804 815 1863 versatum
831 1821 900 1864 esse
916 1801 1001 1865 vitae
1017 1802 1136 1881 neseio,
1161 1822 1255 1884 quem

120 1955 263 1999 errorem
287 1936 372 2000 vitae
395 1937 540 1999 nescium
563 1934 606 1999 ad
621 1936 725 2000 solam
741 1937 918 2017 scientiam,
942 1960 1006 2002 non
1029 1938 1071 2002 ad
1094 1938 1255 2022 agendum

118 2074 281 2157 pertinere
304 2073 377 2156 quis
400 2079 462 2153 est,
494 2074 550 2156 qui
572 2074 690 2156 neget?
729 2074 835 2152 Quum
857 2076 958 2157 igitur
988 2077 1090 2141 virtus
1120 2078 1255 2143 scientia

118 2211 176 2293 sit,
206 2210 344 2276 adeam
366 2212 456 2276 nullo
479 2211 771 2295 modopervenire
799 2235 971 2298 possumus
1001 2215 1063 2280 nisi
1091 2215 1253 2282 discendo.

116 2347 169 2416 Ita
192 2349 325 2431 Stoicis,
348 2350 396 2413 ita
418 2349 527 2415 Persio
551 2349 711 2433 placebat.
759 2323 843 2428 Quid
866 2353 951 2417 enim
973 2352 1035 2418 sibi
1058 2354 1142 2433 vult,
1168 2354 1254 2437 quod

116 2486 278 2553 hominem
307 2488 394 2553 uitiis
425 2488 591 2569 obrutum,
621 2510 721 2572 quum
749 2491 904 2555 virtutem
935 2493 1192 2575 sapientiamque
1222 2494 1251 2557 ei

116 2631 277 2710 proponat
298 2626 546 2710 assequendam,
571 2633 607 2692 ut
630 2627 773 2693 discat
794 2630 927 2693 monet?
960 2631 1076 2695 Annon
1100 2630 1252 2696 discendo

117 2763 420 2848 cognoscendaque,
455 2765 533 2849 quid
556 2766 598 2830 sit
620 2765 733 2846 h'omo,
767 2766 847 2850 quid
869 2766 928 2848 dii,
964 2767 1042 2851 quid
1071 2767 1252 2836 faciendum

117 2902 376 2986 evitandumque,
400 2904 535 2969 scientia
556 2904 672 2969 harum
693 2926 811 2970 'rerum
841 2906 985 2989 petitur?
1014 2905 1128 2972 Nonne
1153 2908 1253 2991 igitur

119 3039 264 3106 versibus
280 3041 329 3106 III
346 3044 386 3105 66
402 3046 436 3107 et
459 3046 498 3106 73
523 3043 674 3108 virtutem
699 3048 733 3109 et
754 3043 863 3108 doceri
881 3050 913 3108 et
929 3042 1012 3110 disci
1026 3066 1122 3129 posse
1144 3051 1253 3113 monet

115 3178 267 3262 poetam)

202 3315 253 3381 Ex
274 3317 324 3399 iis,
347 3340 431 3410 quae
452 3319 519 3385 iam
535 3320 750 3405 exposuimus,
773 3320 920 3386 Persium
937 3321 1024 3406 quod
1039 3321 1082 3388 ad
1098 3324 1251 3389 virtutem

114 3455 236 3520 attinet
257 3463 409 3524 accurate
432 3464 578 3524 veterum
602 3459 783 3526 Stoicorum
807 3460 944 3544 vestigia
965 3463 1131 3546 pressisse,
1154 3461 1251 3546 plane

112 3591 193 3658 mihi
215 3615 375 3679 apparere
397 3596 534 3662 videtur.

199 3732 351 3817 Neglexit
373 3735 504 3820 quidem
526 3757 638 3802 eorum
661 3737 700 3804 de
730 3739 852 3804 virtute
874 3739 1017 3823 generali
1046 3742 1250 3823 sententiam,

112 3869 169 3936 sed
181 3873 318 3954 retinuit
332 3873 534 3941 Socraticum
545 3875 637 3957 illud,
649 3877 804 3944 virtutem
816 3899 884 3945 esse
897 3879 1064 3945 scientiam
1077 3878 1250 3963 docerique

114 4057 525 4078 *mh—..Q—

186 4151 192 4180 ¹
223 4149 289 4204 Ibid.
308 4154 343 4206 34
361 4168 373 4206 s
413 4196 419 4207 .

181 4149 204 4310 ’ζ
219 4243 279 4299 Ἧά
297 4263 323 4316 p.
343 4249 359 4301 6
375 4170 411 4301 iil
423 4264 479 4317 cap.
497 4249 532 4314 Π,
549 4247 596 4303 ubi
614 4248 643 4304 hi
660 4264 755 4305 versus
773 4251 923 4306 accuratius
941 4257 1120 4320 exponuntur.
