2834 4609
690 285 720 343 5.

218 534 293 600 Jam
317 534 478 600 Zenonem
500 554 577 599 voce
600 526 700 621 ἀρετή
723 532 784 599 hoc
814 553 910 597 sensu
939 554 1033 598 nsum
1054 553 1131 598 esse
1153 530 1272 607 intelli·

130 673 218 758 gitur
239 694 279 738 ex
312 672 405 755 Diog.
429 653 557 737 Laert:

233 804 386 898 ,Λιόννερ
407 813 538 898 πρῶτος
553 808 572 875 ὂ
587 806 698 898 Ζήνων
722 808 757 877 ἐν
771 812 819 894 τῷ
840 809 919 898 περὶ
941 802 1121 898 ἀνθρώπου
1143 804 1272 895 φύσεώς

235 948 345 1027 ,οέλος
366 940 441 1014 εἶπε
463 947 501 1012 τὸ
530 947 791 1033 ὁμολογουμένως
808 952 849 1035 τῆ
867 943 966 1037 φύσει
998 947 1064 1034 ζῆν,
1095 931 1179 1035 ὅπερ
1201 943 1272 1012 ἐστὶ

236 1082 322 1165 ,,κατ’
344 1082 461 1176 apanis
482 1087 601 1176 ζῆν.“1)

203 1227 257 1291 Da
280 1227 490 1310 sapientia
505 1225 592 1311 apu'd
609 1226 735 1293 Stoicos
751 1225 812 1291 hae
833 1224 1041 1290 inveniuntur
1068 1203 1268 1290 sententiae:

240 1364 397 1446 „Quidam
412 1369 445 1431 et
460 1365 653 1449 sapientiam
667 1365 716 1428 ita
732 1363 862 1447 quidem
876 1362 1044 1444 finierunt,
1067 1366 1105 1428 nt
1121 1362 1269 1427 dicerent

240 1502 441 1585 „divinorum
469 1507 503 1569 et
523 1502 739 1568 humanorum
764 1501 948 1582 scientiam
975 1501 1108 1585 quidam
1131 1502 1192 1566 ita:
1216 1520 1266 1565 sa·

240 1641 381 1726 „pientia
393 1646 441 1707 est
452 1661 546 1706 nosse
559 1639 668 1705 divina
679 1645 779 1723 atque
793 1640 935 1705 humana
946 1646 1046 1724 atque
1060 1639 1176 1706 horum
1194 1659 1269 1704 cau·

239 1800 319 1860 „sas
345 1778 552 1865 Supervacua
565 1778 644 1844 mihi
660 1778 788 1843 videtur
795 1778 876 1844 haec
891 1778 1040 1859 adiectio,
1057 1779 1134 1862 quia
1151 1798 1269 1843 causae

240 1916 439 1997 „divinorum
460 1916 740 2000 humanorumque
767 1937 844 2000 pars
866 1915 1049 1982 divinorum
1071 1895 1176 1982 sunt.“

242 2054 427 2139 „Sapientia
449 2075 504 2120 ars
527 2060 586 2137 est,
611 2060 735 2120 certum
757 2055 907 2140 petit.“²)

239 2192 340 2274 „Nam
374 2192 568 2277 sapientiam
602 2192 733 2279 quidem
761 2194 867 2277 ipsam
901 2193 974 2277 quis
1005 2213 1124 2279 negare
1162 2197 1271 2279 potest

229 2337 324 2411 '„non
338 2331 481 2397 modone
498 2352 569 2397 esse
584 2332 755 2414 antiquam
768 2353 879 2398 verum
895 2328 994 2397 stiam
1009 2332 1160 2398 nomine?
1184 2352 1268 2415 quae

237 2468 437 2549 „divinarum
458 2471 742 2553 humanarumque
769 2483 889 2551 rerum,
917 2476 988 2536 tum
1010 2471 1177 2536 initiorum
1193 2491 1267 2535 eau-

238 2625 428 2692 „sarumqne
456 2610 612 2693 cuiusque
639 2609 688 2673 rei
715 2609 898 2693 cognitione
924 2608 985 2675 hoc
1014 2608 1268 2693 pulcherrimum

237 2769 371 2829 „nomen
398 2747 485 2833 apud
508 2727 660 2832 antiquos
691 2729 960 2831 adsequebatur.“
976 2748 1003 2832 ³)
1064 2816 1069 2826 ,

238 2886 424 2972 „Sapientia
448 2892 558 2953 autem
577 2891 640 2968 est,
672 2890 756 2951 uta
783 2885 947 2951 veteribus
974 2885 1174 2971 philosophis
1213 2885 1268 2952 de·

239 3025 382 3107 „finitum
405 3005 483 3108 est,¹
508 3047 617 3091 rerum
646 3025 829 3091 divinarum
858 3030 891 3092 et
912 3025 1130 3090 humanarum
1152 3045 1265 3091 causa·

240 3186 401 3249 „numqua
425 3162 541 3248 quibus
564 3183 621 3229 eae
643 3185 696 3229 res
719 3164 934 3245 continentur,
958 3165 1120 3230 seientia.“
1133 3167 1160 3249 4)

217 3302 268 3369 Ex
289 3303 339 3369 his
360 3303 439 3369 locis
461 3303 645 3370 Stoicorum
666 3303 828 3368 sententia
850 3303 929 3367 mihi
947 3324 1105 3387 apparere
1126 3304 1266 3385 videtur,

130 3442 323 3528 sapientiam
346 3464 415 3509 esse
438 3442 607 3509 scientiam
633 3463 743 3507 rerum
768 3441 983 3507 humanarum
1006 3437 1263 3527 divinarumque.

131 3582 266 3668 Sapiens
295 3560 397 3667 igitur
424 3587 457 3647 et
486 3578 563 3648 deos
586 3601 655 3648 esse
685 3586 718 3647 et
740 3581 852 3665 qaales
874 3581 940 3646 sint
965 3581 1134 3667 qualisque
1158 3582 1262 3648 omnis

201 3861 221 3928 ¹)
239 3860 279 3915 Cf.
298 3860 392 3925 stab„
411 3861 502 3928 anili,
522 3862 582 3928 132;
603 3863 666 3928 1403
684 3862 803 3926 Senes,
823 3876 863 3929 ep.
883 3863 923 3925 50,
940 3863 967 3928 73
986 3862 1014 3927 ὃς
1032 3859 1074 3926 66,
1094 3860 1141 3925 323
1159 3862 1201 3925 94,Ἰ
1219 3861 1266 3926 45;

130 3955 204 4022 Cia,
223 3956 256 4009 de
274 3956 318 4009 off.
336 3957 370 4022 ΙΙ,
390 3959 414 4021 5,
435 3959 474 4010 18,

199 4053 220 4120 ²)
238 4054 362 4119 Senoa,
381 4068 421 4122 ep.
439 4055 480 4120 89,
501 4055 530 4121 53
552 4051 594 4118 29,
613 4055 636 4106 3.

201 4148 221 4212 ³)
240 4146 370 4213 einero,
389 4148 466 4201 Tusc.
485 4151 509 4214 3,
528 4152 551 4201 7.

201 4242 222 4305 ⁴)
240 4243 282 4295 De
299 4241 343 4295 eff,
361 4242 395 4295 Π.
414 4243 438 4307 2,
458 4245 481 4297 5.
