2834 4609
758 256 800 318 90

676 345 881 357 *-

322 499 401 580 „sed
422 499 506 566 hanc
529 501 693 579 virtutem,
716 522 801 584 quse
822 502 856 566 in
878 501 1007 568 homine
1028 501 1260 586 propemedum
1280 503 1336 566 sin-

319 637 463 723 „gularis
484 643 545 720 est,
567 659 628 723 pro
649 639 729 705 vitio
750 659 879 724 semper
899 639 1149 725 habuerunt.¹)“

324 775 396 857 ,eid
416 796 487 843 rem
508 778 652 861 pertinet
674 794 831 862 quaerere
852 777 915 845 hec
936 779 1024 860 loco,
1052 778 1131 863 quid
1159 779 1202 846 sit
1222 779 1338 844 miseri·

325 912 469 993 „cerdic
512 913 663 1000 Plerique
692 915 779 983 enim
807 921 847 982 ut
873 917 1027 983 virtutem
1055 937 1128 984 eum
1155 916 1292 983 laudent
1311 921 1339 981 el

321 1048 462 1129 „bonum
483 1051 648 1120 hominem
668 1058 788 1121 recent
806 1055 1057 1123 misericordem
1080 1056 1123 1121 Et
1135 1054 1217 1121 haee
1232 1055 1340 1121 vicium

318 1190 439 1270 ‚enimi
461 1198 529 1272 eel3
551 1197 692 1278 utreque
713 1193 801 1261 circu
814 1193 1021 1261 seueritceem
1043 1194 1194 1278 curaque
1208 1193 1340 1259 clemen·

319 1329 420 1411 „tim
441 1330 553 1418 pericu
571 1338 659 1414 sune
680 1353 765 1418 quae
786 1332 890 1399 uitare
911 1329 1067 1399 debemus
1088 1337 1122 1398 et
1143 1332 1201 1398 rel.
1209 1333 1240 1418 ¹)

298 1465 421 1536 Seneca
449 1469 706 1538 misericerdiam
734 1470 833 1556 plene
867 1469 986 1537 tollere
1012 1488 1077 1536 non
1106 1469 1242 1554 quidem
1267 1468 1341 1548 vult,

213 1602 271 1671 sed
285 1602 405 1673 finibus
420 1607 666 1690 circumscribit,
682 1628 724 1675 ne
734 1609 867 1694 longius
881 1609 1072 1676 aberremus
1083 1628 1106 1674 a
1118 1607 1248 1674 rarione
1269 1625 1342 1671 neve

178 1788 182 1793 ›
208 1745 243 1813 iu
262 1744 380 1813 uitium
406 1765 528 1813 sunum
554 1752 589 1812 et
617 1747 883 1814 muliercularum
903 1747 1103 1828 incidemus,
1123 1765 1208 1831 quas
1231 1762 1343 1811 noeen-

207 1882 410 1951 tissimorum
438 1883 584 1951 lacrimis
610 1890 804 1953 mereantur
837 1891 938 1971 etque
972 1887 1001 1953 si
1034 1886 1148 1952 liceret
1181 1902 1342 1950 carcerem

206 2001 422 2087 effingerent.
1131 1976 1151 1992 κ

291 2132 439 2203 Persium
461 2154 591 2219 queque
613 2135 717 2205 telem
730 2136 1002 2218 misericerdiam,
1025 2157 1124 2221 quem
1139 2136 1342 2203 clementium

208 2270 354 2363 appellnt
383 2271 523 2353 Seneca,
553 2273 640 2340 inter
665 2273 757 2342 bena
782 2274 938 2343 habuisse
958 2259 1076 2362 ,neque
1097 2274 1228 2342 omnine
1252 2274 1344 2340 mise

209 2410 347 2479 rationis
369 2415 536 2497 expertem
558 2411 659 2479 luisse
681 2433 723 2480 ex
744 2414 855 2481 satiris
876 2411 994 2480 elucet.

296 2549 384 2616 Dare
406 2549 491 2632 vult,
527 2550 585 2616 sed
614 2552 645 2618 ei
671 2551 751 2633 soli,
780 2553 837 2637 qui
863 2573 901 2618 rs
927 2571 1005 2619 vera
1034 2555 1085 2618 est
1111 2548 1224 2616 infelix
1248 2555 1345 2634 atquc

208 2686 317 2759 miser.

313 2826 404 2909 „lem
426 2847 512 2895 nunc
534 2829 715 2915 astringas,
742 2828 809 2895 iam
831 2847 916 2895 nune
937 2829 1092 2915 granarii
1112 2827 1250 2895 laxesl“
1276 2878 1284 2891 .
1308 2875 1344 2892 ..

310 2964 370 3033 Et:

314 3089 396 3170 „Ast
416 3093 512 3159 vocat
533 3084 688 3155 officium:
711 3088 805 3155 trabe
827 3095 925 3174 rupta
944 3087 1078 3154 Bruttia
1099 3107 1180 3154 sexa

312 3226 469 3308 „Prendii
489 3227 613 3294 amicus
634 3228 739 3313 inops,
760 3248 894 3313 remque
913 3247 1041 3294 omnem
1063 3225 1225 3310 surdaque
1248 3229 1325 3292 vota

314 3362 489 3444 „Condidit
511 3365 625 3447 Joni0;
647 3366 734 3432 iacet
755 3365 826 3450 ipse
847 3366 882 3430 in
903 3364 1002 3433 litore
1024 3358 1059 3431 et
1080 3385 1146 3430 une

311 3500 482 3588 „Ingentes
503 3502 549 3569 de
565 3524 675 3590 puppe
697 3504 759 3587 dei,
781 3505 911 3589 iamque
931 3501 1026 3571 obvia
1046 3503 1167 3585 mergis

311 3641 432 3722 „Costa
453 3642 536 3710 ratis
557 3642 702 3710 laceres:
725 3663 810 3709 nunc
831 3647 866 3709 et
887 3640 928 3709 de
950 3642 1073 3727 cespite
1095 3642 1166 3706 viro

311 3781 460 3867 „Frange
481 3781 617 3867 aliquid,
640 3781 762 3865 largire
783 3781 883 3866 inopi,
906 3801 947 3848 ne
968 3782 1078 3867 pictus
1101 3778 1230 3846 oberret

312 3916 489 3998 „Caerulea
509 3920 541 3987 in
563 3918 678 3993 tabula
702 3971 709 3986 .
734 3970 740 3983 .
766 3926 790 3983 .“

276 4115 297 4181 ¹)
314 4114 466 4170 Luctant.
485 4116 537 4169 div.
555 4117 617 4170 inst.
635 4117 669 4181 H,
687 4120 712 4183 4,
731 4121 754 4170 5.

276 4209 297 4271 ²)
317 4206 428 4262 Senes.
446 4209 480 4262 de
499 4209 573 4263 clem.
592 4210 626 4275 11,
644 4214 669 4276 4,
687 4214 711 4262 4.
