2834 4609
622 274 743 333 51·

539 364 744 376 —--------

757 413 782 449 e

159 524 344 607 Eulogistia
356 522 495 589 scientia
509 525 560 587 est
583 519 812 605 perscrutandi
828 538 989 603 quamque
1004 540 1082 600 rem,
1106 520 1212 604 qualis

75 684 153 761 vere,
172 664 231 744 sit,
252 702 297 716 -
314 662 451 728 scientia
474 656 788 758 dinoscendiverum
803 676 824 722 a
839 657 945 741 specie
960 656 1051 726 salsa.
1077 657 1212 742 Sapiens

74 802 158 867 enirn
179 821 246 866 non
267 801 302 865 in
324 819 469 865 errorem
489 796 620 866 ducitur
655 795 838 881 „phaleris
866 794 917 860 vel
946 795 1053 879 specie
1075 794 1211 861 alicuius

73 939 133 1018 rei„
145 938 204 1004 sed
220 938 344 1006 excutit
358 935 503 1010 funditus
519 935 628 1002 emnia
656 937 850 1020 quaeritque
873 935 952 1021 quid
965 937 1054 1002 intus
1069 935 1212 1004 habeant

74 1078 254 1161 quantique
275 1097 348 1142 vere
371 1076 438 1141 sint
460 1074 672 1141 aestimanda.
695 1115 740 1128 -

180 1240 333 1326 „Etenim
364 1239 470 1308 virtus
503 1240 605 1305 omnis
636 1240 741 1306 tribus
769 1220 803 1305 in
831 1239 928 1305 rebus
957 1238 1024 1305 fere
1053 1244 1210 1320 versatur,

183 1399 345 1464 „quarum
367 1399 433 1443 una
455 1385 506 1444 est
528 1380 562 1444 in
584 1380 823 1463 perspiciendo,
854 1380 933 1463 quid
954 1380 989 1444 in
1018 1400 1146 1464 quaque
1176 1400 1211 1443 re

164 1526 313 1601 „perum
336 1518 559 1601 sincerumque
581 1519 624 1582 sit
648 1568 654 1583 .
679 1568 686 1582 .
712 1568 719 1583 .
744 1522 773 1582 .“

135 1669 138 1674 ¹
179 1682 247 1765 „Ut
270 1682 355 1747 enim
378 1680 515 1766 quisque
543 1681 682 1747 maxime
705 1683 878 1767 perspicit,
910 1682 989 1766 quid
1017 1683 1051 1747 in
1073 1705 1108 1747 re
1132 1704 1211 1766 qua-

181 1842 266 1912 „que
296 1820 500 1890 verissimum
530 1821 572 1885 sit
603 1821 723 1905 quique
757 1821 943 1886 acutissime
977 1825 1010 1886 et
1044 1820 1209 1890 celerrime

179 1962 309 2044 „potest
339 1964 374 2025 et
402 1958 512 2026 videre
542 1963 575 2023 et
602 1957 766 2042 explicare
798 1960 984 2039 rationem„
1010 1960 1038 2024 is
1068 1958 1209 2043 pruden-

179 2097 345 2185 „tissimus
368 2100 403 2162 et
424 2095 681 2181 sapientissimus
703 2096 767 2161 rite
788 2094 903 2162 haberi
926 2096 1039 2162 selet.“

180 2262 322 2345 „Omnes
344 2261 429 2327 enim
451 2259 612 2325 trahimur
642 2265 675 2328 et
705 2260 854 2325 ducimur
883 2261 926 2326 ad
953 2262 1147 2346 cognitionis
1176 2268 1208 2327 et

179 2400 357 2483 „scientiae
377 2397 599 2484 cupiditatem,
622 2397 656 2462 in
678 2420 743 2486 qua
766 2398 922 2464 excellere
944 2399 1092 2486 pulcrum
1113 2403 1208 2483 puta-

179 2559 283 2624 „mus
305 2535 373 2603 labi
394 2540 521 2617 autem,
544 2556 664 2617 errare,
686 2536 825 2617 nescire,
848 2535 954 2622 decipi
976 2542 1010 2601 et
1031 2536 1152 2601 malum
1175 2542 1208 2601 et

179 2682 296 2761 „turpe
312 2675 475 2765 ducimus.
510 2674 549 2739 In
570 2673 632 2739 hoc
655 2694 772 2757 genere
794 2678 828 2739 et
849 2673 993 2739 naturali
1015 2679 1050 2739 et
1071 2673 1206 2739 honeste
1281 2709 1291 2730 a

178 2813 264 2896 „duo
287 2813 369 2879 vitia
391 2812 526 2879 vitanda
548 2818 640 2879 sunt:
665 2833 774 2893 unum,
798 2833 838 2877 ne
860 2812 1026 2897 incognita
1048 2834 1109 2896 pro
1132 2833 1206 2896 cog-

178 2951 277 3034 „nitis
320 2949 499 3017 habeamus
546 2950 651 3038 iisque
683 2935 805 3018 temere
838 2950 1077 3018 adsentiamur:
1119 2949 1206 3034 qued

178 3089 313 3171 „vitium
335 3087 476 3173 effugere
497 3089 555 3173 qui
576 3089 676 3171 velet,
707 3109 817 3154 omnes
838 3094 949 3154 autern
970 3088 1053 3153 velle
1075 3087 1204 3169 debent,

178 3225 367 3311 „adhibebit
395 3227 438 3296 ad
464 3223 716 3296 considerandas
747 3248 799 3294 res
834 3233 867 3292 et
902 3232 1029 3309 tempus
1058 3231 1097 3330 ⁸et
1132 3225 1205 3291 dili-

177 3367 406 3453 ,‚gentiam²).“

155 3530 228 3606 Huc
250 3536 399 3619 spectare
421 3530 499 3604 mihi
521 3530 649 3597 videtur
671 3535 732 3597 sat.
755 3532 781 3612 Ι,
806 3537 862 3597 49;

177 3726 220 3737 -
243 3687 347 3768 „Nam
368 3686 452 3752 belle
474 3686 534 3753 hoc
557 3693 672 3753 excute
695 3692 816 3753 tetum:

173 3815 284 3907 „Quid
305 3846 370 3896 non
392 3827 481 3896 intus
502 3825 644 3900 habet?“

76 3964 208 4026 quocum
230 3955 377 4050 conferre
398 3956 656 4043 petes'Epicteti
677 3958 872 4027 sententiae:

79 4104 483 4129 *Q*—

145 4219 161 4287 ')
178 4220 282 4278 Cicer.
300 4222 335 4278 de
350 4223 395 4280 off.
412 4225 447 4293 H,
464 4226 489 4293 5,
509 4225 555 4302 185
572 4225 593 4293 Ι,
612 4227 636 4291 5,
656 4227 703 4292 163
722 4227 747 4292 6,
767 4227 806 4284 18.

1015 4311 1048 4363 4*
