2834 4609
715 238 756 299 68

169 484 301 552 modum
323 485 461 554 excedat
483 486 756 570 coniunctumque
772 486 816 552 sit
831 506 905 553 curn
920 487 987 554 vita
1002 486 1211 574 moribusque
1227 488 1313 554 bene

169 624 338 705 institutis,
361 624 492 691 minime
514 623 693 709 vituperat:

274 804 404 886 „Poscis
427 826 521 891 opem
543 806 651 872 nervis
673 826 856 892 corpusque
878 805 974 873 fidele
997 810 1164 873 senectae:

273 943 412 1024 „Eato,
446 964 538 1028 age;
572 942 630 1010 sed
660 943 799 1028 grandes
825 928 1175 1030 patinae'tuccetaque
1198 963 1318 1044 crassa

275 1082 444 1163 „Adnuere
466 1081 517 1148 hia
539 1102 673 1167 superos
696 1088 827 1150 vetuere
849 1082 1022 1168 Iovemque
1044 1087 1222 1149 morantur.

275 1220 375 1302 „Rem
397 1226 523 1287 struere
546 1226 682 1307 exoptas
705 1243 799 1288 caeso
822 1220 914 1303 bove,
937 1221 1200 1306 Mercuriumque

274 1360 443 1442 „decusis
465 1359 565 1427 fibra:
589 1359 632 1427 da
654 1360 822 1454 fortunare
845 1360 992 1442 Penates,

274 1499 346 1579 „Da
366 1519 465 1584 pecus
488 1504 521 1565 et
544 1497 695 1584 gregibus
719 1498 837 1566 fetum!
861 1520 943 1584 quo,
965 1499 1118 1586 pessime,
1141 1502 1252 1583 pacto,

276 1636 358 1717 „Tot
368 1636 430 1704 tibi
441 1658 541 1721 quum
552 1636 586 1703 in
597 1634 745 1704 flammas
756 1637 899 1704 iunicum
911 1643 1041 1706 emente
1051 1636 1317 1722 liquescantt...“

274 1818 331 1885 Et:

274 1958 373 2039 „Quis
395 1958 510 2026 modus
532 1964 667 2044 argento
677 1959 744 2043 1)1“

171 2122 227 2189 ubi
248 2143 314 2189 non
336 2125 465 2191 omnino
488 2122 717 2208 negligendum
741 2143 810 2189 esse
825 2129 1006 2208 argentum,
1029 2122 1087 2190 sed
1101 2123 1171 2191 eius
1187 2122 1322 2209 cupidi-

170 2266 274 2328 tatem
297 2261 394 2329 certis
416 2260 534 2329 finibus
557 2260 769 2328 coercendam
791 2267 910 2329 monet.

257 2425 309 2492 Ita
332 2426 430 2493 etiam
453 2424 493 2493 de
511 2425 601 2511 justo
624 2425 812 2493 divitiarum
834 2447 897 2493 usu
917 2427 1039 2511 agitur:

174 2632 178 2640 ·
275 2614 340 2699 „Es
361 2615 506 2684 modicus
528 2617 616 2683 voti?
639 2637 751 2702 presso
773 2617 866 2684 lare?
889 2616 994 2683 dulcis
1016 2615 1153 2682 amicis?

278 2753 368 2836 „Iam
391 2740 476 2821 nunc
498 2754 670 2840 astringas,
693 2756 759 2821 iam
781 2776 868 2822 nunc
890 2755 1043 2839 granaria
1064 2753 1235 2839 laxes²)?“

259 2944 442 3012 Modestum
465 2945 652 3013 divitiarum
674 2967 769 3011 usum
791 2945 918 3012 suadet:

273 3124 317 3134 -—
339 3125 383 3134 -
404 3125 449 3134 -
472 3084 576 3166 „Utar
599 3105 668 3169 ego,
691 3090 777 3164 utar,

276 3224 363 3305 „Nec
384 3220 536 3290 rhombos
558 3222 632 3290 iden
654 3221 781 3289 libertis
802 3243 922 3308 ponere
939 3222 1064 3317 lautus,

277 3362 365 3444 „Nec
385 3367 500 3428 tenues
523 3361 638 3428 sollers
660 3362 832 3429 turdarum
854 3382 949 3429 nosse
971 3359 1100 3426 salivas.

237 3466 240 3474 ι
276 3500 402 3583 „Messe
425 3505 519 3567 tenus
540 3502 682 3587 propria
696 3503 766 3568 vive
789 3507 822 3568 et
844 3500 1006 3586 granaria,
1029 3497 1078 3565 fas
1102 3502 1160 3579 est,

276 3639 410 3722 „Emcle
434 3691 441 3704 .
466 3691 473 3704 .
498 3640 545 3704 ,1ιι

172 3908 584 3922 .---——-·-·-—-—-—-——

248 4122 264 4178 ¹]
283 4117 349 4170 lbid.
367 4119 401 4182 11,
419 4120 451 4169 41
471 4134 535 4186 sqq3
553 4118 600 4184 111,
619 4119 660 4168 69.

244 4212 263 4277 ²)
281 4210 347 4264 lbid.
366 4212 398 4279 V,
419 4213 466 4263 109
486 4226 524 4278 sq.
