2834 4609
754 244 792 305 18

306 487 482 569 „Porticua
504 487 661 556 insomnis
684 487 802 573 quibus
824 493 857 556 et
879 487 1015 556 detonsa
1036 488 1185 554 iuventus

305 625 485 710 „Invigilat
508 625 634 708 siliquis
657 630 690 692 et
713 626 829 711 grandi
850 631 946 711 pasta
967 625 1113 710 polenta3

305 762 365 844 „Et
386 762 448 829 tibi
471 784 554 847 quae
578 763 703 831 Samios
725 763 861 831 deduxit
882 764 994 830 littera
1014 784 1123 831 ramos

305 902 515 986 „Surgentem
536 902 651 970 dextro
673 903 868 969 monstravit
888 903 1020 969 limite.“
1047 908 1108 969 etc.
1132 904 1178 988 (p.
1202 904 1247 987 7.)

285 1065 374 1131 Scire
398 1065 529 1150 quidem
551 1067 698 1134 iuvenem
723 1067 802 1134 dicit
816 1072 924 1152 poeta,
948 1065 1027 1152 quid
1042 1068 1084 1133 sit
1098 1072 1232 1149 re'ctum,
1255 1066 1348 1151 quid

199 1203 329 1285 bonum,
353 1203 513 1288 didicisse,
537 1226 621 1289 quae
635 1204 748 1272 iubeat
762 1205 967 1291 philosophia
976 1208 1011 1292 ¹),
1035 1209 1181 1272 attamen
1195 1209 1346 1270 naturae

197 1341 349 1407 resistere
371 1343 515 1427 nequire,
540 1343 598 1410 sed
621 1365 660 1411 ea
682 1343 757 1410 duci
779 1366 813 1412 se
833 1345 938 1412 sinere
953 1344 996 1410 ad
1009 1343 1122 1410 inanes
1138 1343 1343 1427 voluptates.

282 1507 432 1586 Quatuor
454 1508 556 1592 igitur
578 1507 660 1573 haec
682 1507 832 1593 exempla
845 1509 954 1592 posita
970 1529 1039 1574 esse
1055 1507 1203 1574 ridentur
1217 1507 1343 1573 Iahnio

195 1667 216 1711 a
238 1645 366 1727 Persic,
389 1651 427 1710 ut
450 1667 548 1730 quam
570 1643 686 1711 debilis
709 1646 752 1712 sit
773 1650 893 1712 natura
913 1646 1089 1728 hominum,
1112 1652 1341 1730 quantumque

193 1790 378 1869 repugnent
399 1785 486 1851 inter
507 1805 542 1850 se
565 1785 669 1851 virtus
692 1789 726 1852 et
747 1784 912 1869 ingenium
935 1785 978 1851 ad
1007 1786 1208 1869 voluptatem
1236 1785 1339 1849 nimis

191 1907 390 2007 propensum
414 1922 566 1989 ostendat
588 1943 786 2009 causamque
812 1924 977 1990 hominum
1005 1922 1229 2007 perversitatis
1258 1941 1338 1987 eam

193 2059 297 2126 sclam
319 2081 389 2127 esse
411 2060 542 2145 doceat,
573 2061 661 2146 quod
683 2062 768 2128 ratic
790 2061 1006 2145 voluntasque
1034 2081 1098 2127 non
1127 2060 1208 2127 satis
1236 2059 1337 2126 firma

191 2198 236 2263 sit
268 2198 311 2265 ad
345 2200 537 2268 vincendam
569 2205 741 2280 naturam,
780 2219 864 2283 quae
895 2199 976 2266 nihil
1009 2219 1082 2265 cum
1115 2199 1177 2266 diis
1209 2197 1335 2265 habeat

193 2356 372 2420 commune,
395 2338 453 2404 sed
475 2315 519 2404 ad
540 2338 697 2405 animalia
719 2343 844 2423 spectet
865 2337 970 2423 iisque
992 2358 1051 2405 nos
1067 2338 1185 2404 reddat
1200 2337 1333 2403 similes.

276 2500 374 2580 <Quod
397 2502 558 2567 sirenum
581 2507 682 2585 esset,
705 2499 849 2568 dubitari
869 2523 935 2568 non
955 2503 1081 2587 poscet,
1105 2501 1184 2585 quin
1205 2521 1334 2567 summa

193 2639 372 2723 sapientiae
394 2639 591 2725 virtutisque
613 2662 634 2706 a
655 2644 754 2725 pocta
780 2640 889 2725 posita
914 2645 999 2710 esset
1013 2660 1078 2706 non
1092 2640 1126 2704 in
1149 2639 1331 2705 scientia

191 2778 273 2843 recti
283 2776 434 2864 bonique,
447 2777 504 2843 sed
514 2777 549 2844 in
558 2778 717 2845 vincenda
728 2779 818 2864 turpi
828 2779 988 2845 humanae
999 2783 1137 2844 naturae
1149 2775 1328 2843 debilitate.

192 2914 312 2983 Scire
333 2916 440 3002 ipsum
453 2915 576 2984 homini
590 2916 683 2982 nihili
697 2916 936 2983 aestimandum
957 2920 1051 2998 esset,
1075 2935 1175 3000 quum
1190 2919 1328 2982 naturae

191 3052 361 3120 debilitate
377 3054 408 3121 ei
422 3076 487 3122 non
502 3055 626 3135 liceret,
642 3075 680 3120 11
692 3055 793 3139 sequi,
809 3076 893 3139 quae
910 3053 997 3121 bona
1017 3075 1085 3120 esse
1104 3053 1325 3136 intellexisset.

190 3192 401 3277 Progressum
422 3192 538 3259 deinde
561 3214 581 3257 a
603 3193 741 3259 scientia
762 3192 805 3258 ad
820 3191 981 3277 agendum
1003 3192 1118 3277 ipsum,
1142 3192 1184 3258 ab
1206 3191 1325 3258 intelli-

189 3329 303 3415 genda,
321 3329 401 3415 quid
416 3331 460 3398 sit
473 3330 604 3415 bonum,
620 3330 664 3397 ad
678 3319 876 3417 sequendam
890 3331 1054 3413 virtutem,
1077 3329 1208 3396 Persius
1223 3329 1324 3396 satira

187 3564 257 3572 -u-u--a
264 3563 548 3577 .=·.----.m.-.-..,
563 3567 598 3576 ..η

264 3719 279 3787 ¹)
298 3717 415 3771 Primum
441 3719 548 3787 quidem
572 3734 640 3774 vers.
664 3724 697 3774 53
720 3721 859 3775 Persius
882 3719 1035 3775 umiversam
1058 3718 1192 3789 significat
1209 3718 1319 3772 Stoicam

187 3813 317 3866 rationem
343 3828 409 3866 voce
436 3814 606 3882 „Porticus;“
635 3814 732 3867 deinde
755 3815 790 3867 ad
815 3813 1015 3882 significandam
1042 3814 1156 3868 ethicam
1179 3812 1318 3881 imaginem

184 3907 283 3975 repetit
301 3906 558 3976 ePythagcreorum
575 3908 724 3977 disciplina,
744 3908 790 3975 qui
808 3909 835 3960 in
854 3908 1005 3977 praeceptis
1023 3908 1168 3963 moralibus
1185 3905 1317 3960 tradendis

186 4009 344 4077 saepissime
363 4004 541 4092 συμβολικῶς
557 4010 744 4079 loquebantur.
762 4010 901 4064 Eiusmodi
912 4010 1044 4079 imagines
1051 4010 1207 4081 plenissime
1217 4007 1318 4075 collegit

184 4102 392 4156 lamblichus
410 4109 539 4171 protrept.
558 4104 599 4156 21.
635 4104 680 4188 Dev
697 4105 790 4157 littera
807 4104 897 4157 Samia
921 4105 954 4159 cf.
972 4105 1061 4159 Serv.
1084 4105 1126 4159 ad.
1145 4104 1235 4172 Virg.
1254 4104 1315 4157 Aen.

184 4195 229 4261 VI,
250 4198 299 4249 136
317 4203 344 4250 et
361 4198 448 4252 Pers.
469 4197 501 4264 V,
520 4200 553 4252 35
571 4197 668 4267 (Jahn
686 4214 712 4267 p.
732 4197 799 4267 155).
