2834 4609
628 287 668 349 93

545 377 750 392 U

112 538 115 543 ’
186 534 346 621 ,aanor
375 536 445 604 ἐστι
465 531 574 620 λόγος,
597 529 649 600 ὅτι
670 536 751 611 πᾶν,
774 527 794 597 ὃ
816 526 853 598 ἂν
874 531 938 621 cippi
960 528 1111 620 ὀσοφός,
1133 527 1216 596 κατα

184 681 313 760 ,pricos
335 671 448 765 ἀρετήν
468 673 606 764 ἐνεργεῖ,
627 673 682 739 καὶ
702 672 764 755 μιά
785 671 854 754 μέν,
877 670 922 748 ὡς
943 667 1055 751 ἔοικεν,
1077 669 1097 758 ἡ
1119 664 1216 759 apere}
1309 663 1315 674 “

187 820 463 905 ,πρωταγωνιστεῖ
491 807 643 902 πράξεως
664 810 812 899 ἑκάστης,
834 834 925 900 παρα
938 809 1030 876 καλεῖ
1046 808 1146 875 δὲκαὶ
1159 806 1217 885 τὰς

188 948 306 1037 ,ἄλλας
326 954 381 1019 καὶ
403 951 557 1017 συντείνει
577 951 663 1040 πρὸς
683 950 723 1016 τὸ
744 950 864 1028 astoer
892 997 900 1013 .
923 999 930 1013 .
953 998 961 1013 .

187 1148 289 1226 ,Τοῖς
310 1147 463 1220 Στωικοῖς
487 1138 571 1231 μήτε
595 1166 628 1208 τι
656 1143 779 1232 φαῦλον
807 1135 905 1229 ἀρετῇ
925 1144 1110 1229 προσεῖναι,
1136 1133 1219 1225 μήτε

187 1283 302 1369 ,κακία
337 1281 474 1372 χρηστόν
510 1277 663 1364 ἀξιοῦσιν,
696 1277 775 1346 ἀλλὰ
805 1273 935 1356 πάντως
966 1278 1025 1361 μέν
1053 1276 1087 1344 ἐν
1118 1282 1219 1344 πᾶσιν

187 1421 394 1510 ,ἅμααιωλὸν
408 1412 490 1487 εἶναι
504 1417 560 1486 τὸν
571 1415 697 1509 ἀμαθῆ,
713 1420 791 1508 περὶ
812 1413 920 1484 πάντα
941 1409 1017 1484 δἀὖ
1038 1420 1218 1505 κατορθοῦν

188 1559 265 1643 ,τὸν
285 1556 478 1645 ἆστεῖον.1)“

191 1768 321 1849 ,Qualis
342 1770 427 1836 ratio
449 1775 507 1851 est,
531 1769 614 1836 tales
629 1768 773 1835 actiones
794 1771 880 1849 sunt,
902 1752 980 1852 ergo
995 1785 1106 1834 omnes
1120 1784 1217 1851 pares

191 1913 284 1988 ,sunt
307 1957 314 1970 .
339 1956 346 1970 .
371 1912 397 1970 .“

190 2069 353 2149 ,Virtutes
375 2090 494 2150 omnes,
517 2073 555 2134 ut
577 2069 694 2153 dicitis,
717 2090 814 2154 pares
836 2069 977 2155 sunt.²)“
1029 2050 1031 2053 ⁸

143 2340 149 2352 ,
194 2277 327 2361 ,Itaque
350 2283 602 2344 consentaneum
625 2281 675 2342 est
696 2277 757 2360 his,
781 2297 864 2362 quae
880 2276 1069 2359 dictasunt,
1092 2277 1219 2342 ratione

192 2417 356 2499 ,illorum,
383 2417 440 2500 qui
460 2417 553 2483 illum
581 2416 740 2483 bonorum
762 2414 873 2496 finem,
903 2414 990 2500 quod
1018 2415 1219 2501 appellamus
1260 2420 1266 2429 ’

191 2560 399 2636 ,extremum
416 2554 503 2650 quod
518 2555 677 2637 ultimum,
694 2576 839 2621 crescere
853 2560 969 2641 putent
983 2575 1088 2639 posse,
1103 2553 1219 2620 iisdem

189 2692 338 2779 „placere
361 2712 431 2759 esse
453 2693 554 2760 alium
581 2694 646 2760 alio
675 2694 774 2761 etiam
801 2692 1048 2788 sapientiorem,
1076 2693 1219 2776 itemque

187 2832 307 2913 „alium
328 2833 433 2917 magis
454 2832 520 2900 alio
542 2833 593 2899 vel
614 2853 750 2918 peccare
779 2832 830 2899 vel
859 2838 949 2898 recte
976 2832 1097 2913 faeere,
1131 2829 1218 2915 qnod

188 2970 301 3053 „nobis
322 2966 388 3037 non
420 2971 498 3037 licet
526 2970 649 3052 dicere,
679 2972 736 3056 qui
766 2990 910 3037 crescere
936 2968 1094 3036 bonorum
1122 2968 1218 3035 finem

187 3131 273 3192 „non
293 3114 456 3195 putamus.
479 3109 525 3176 Ut
547 3110 632 3176 enim
654 3110 711 3194 qui
727 3109 866 3176 demersi
880 3114 955 3174 sunt
968 3109 1003 3174 in
1017 3128 1104 3193 aqua
1118 3106 1219 3173 nihilo

188 3249 311 3332 „magis
332 3248 495 3334 respirare
508 3255 654 3334 possunt,
676 3249 704 3314 si
719 3268 784 3315 non
805 3247 900 3333 longe
914 3245 1034 3313 absunt
1049 3268 1070 3314 a
1084 3266 1218 3327 summo,

188 3387 332 3469 „utiam
354 3386 484 3473 iamque
505 3388 631 3472 possint
653 3407 834 3472 emergere,
857 3386 1006 3471 quamsi
1028 3385 1127 3451 etiam
1150 3389 1219 3449 tum

187 3530 316 3608 „essent
337 3525 372 3590 in
393 3525 572 3611 profundo,
601 3547 661 3593 nec
683 3525 810 3593 catulus
832 3526 906 3606 ille,
936 3526 993 3610 qui
1014 3526 1080 3593 iam
1101 3545 1219 3610 appro-

191 3664 348 3750 „pinquet
369 3670 407 3730 ut
428 3664 546 3748 videat,
569 3665 643 3751 plus
665 3665 769 3731 cernit
791 3684 890 3749 quam
912 3664 951 3747 is,
974 3663 1031 3749 qui
1051 3663 1147 3730 modo
1170 3669 1220 3730 est

190 3808 322 3885 „natus,
352 3803 432 3871 item
462 3804 519 3887 qui
539 3785 700 3888 processit
721 3803 926 3888 aliquantum
947 3801 992 3870 ad
1012 3802 1142 3869 virtutis
1162 3802 1220 3868 ha·

85 4162 90 4175 '
157 4156 176 4223 ¹)
194 4155 276 4209 Plut.
295 4155 328 4210 dc
347 4172 401 4226 rep.
421 4158 500 4211 Stoic.
521 4161 564 4225 133
583 4157 617 4212 de
636 4159 695 4213 fort
714 4157 792 4212 Alex.
809 4158 829 4210 1.
852 4158 904 4211 332
924 4158 969 4223 D.;
988 4157 1022 4210 de
1042 4157 1102 4211 aud.
1113 4164 1184 4227 poet.
1194 4160 1218 4211 6.

155 4250 176 4318 ²)
194 4250 306 4305 Senec.
326 4266 367 4320 ep.
386 4253 428 4317 66,
446 4255 493 4319 333
514 4255 571 4320 113,
592 4254 631 4306 16.
