2834 4609
666 270 703 331 13

583 360 788 372 -u-——n—-n

225 509 379 592 „Tnu'nng
407 513 467 595 μὲν
495 506 551 577 οὖν
577 513 639 593 σας
667 515 825 603 ῥηθείσας
850 512 970 604 ἀρεταῖς
1011 514 1138 591 τελείας
1175 505 1258 578 εἶναι

221 653 368 737 ,λέγουσι
390 651 469 741 περὶ
486 652 546 732 ὁτόν
566 652 637 735 βίον
651 654 705 718 καὶ
728 654 950 741 συνεστηκέναι
972 649 1007 719 ἐκ
1027 647 1256 741 θεωρημάτων.

221 832 285 868 ,,-
305 793 354 840 -”
370 785 482 866 πάσας
504 790 540 855 δὲ
561 788 621 867 τὰς
643 786 780 880 ἀραιᾶς,
812 786 889 857 ὅσαι
918 791 1096 879 ἐπιστῆμαί
1118 788 1183 856 εἰσι
1203 791 1257 856 καὶ

225 929 366 1010 ‚mirram
388 924 481 994 uocari
499 952 535 999 τε
556 925 756 1018 θεωρήματα
778 926 864 1010 ἔχειν
886 931 941 996 καὶ
962 930 1081 1006 τέλος.“
1093 932 1118 1016 1)

223 1069 293 1149 „Ab
308 1070 351 1135 iis
365 1068 616 1150 definitionibus,
633 1091 715 1152 quas
730 1068 873 1134 breuiter
887 1075 987 1154 poeta
1002 1068 1256 1153 comprehendit,

229 1207 292 1286 „M.
317 1206 442 1271 Tullius
466 1208 567 1272 traxit
590 1206 859 1289 officiauivendi,
888 1207 1079 1273 Panaetium
1114 1207 1258 1273 Stoicum

221 1350 393 1425 ·„seoutus;
417 1347 569 1410 virtutem
592 1366 661 1410 esse
685 1345 777 1426 dixit,
794 1346 893 1426 noire,
917 1345 995 1430 quid
1017 1348 1061 1410 sit
1082 1344 1203 1411 bonum
1225 1350 1258 1411 et
1337 1334 1341 1344 ⁴

222 1484 372 1565 „malum
397 1483 596 1576 quid'turpa
619 1483 698 1568 quid
714 1484 885 1549 honestum
895 1490 923 1562 ;“
935 1455 971 1570 ἱί)Υ

222 1621 357 1702 „Virtus
386 1628 436 1686 est
463 1621 617 1703 hominis,
651 1624 734 1687 scire
762 1621 813 1702 id,
852 1621 940 1706 quod
970 1643 1116 1707 quaeque
1139 1620 1259 1687 habeat

223 1781 306 1840 „rea
350 1761 455 1825 virtus
500 1762 581 1826 seire
619 1760 741 1826 homini
779 1765 913 1841 rectum,
960 1761 1050 1840 utile,
1096 1760 1176 1843 quid
1215 1760 1258 1824 sit

223 1897 480 1984 „honestum.“³)

228 2027 372 2109 „Nullius
400 2030 448 2094 rei
472 2027 632 2093 diffieilior
656 2029 793 2094 scientia
816 2034 879 2110 est,
903 2050 1009 2134 quaml
1022 2027 1216 2109 vivendi;-
1300 2019 1302 2022 ⁵

228 2167 352 2247 „rivere
370 2171 441 2232 tota
456 2167 523 2232 vita
544 2155 733 2232 discendum
755 2173 814 2247 est,
838 2172 871 2232 et
889 2165 975 2250 quod
994 2168 1098 2251 magis
1116 2167 1254 2233 fortasse

227 2303 412 2385 „mirabere
436 2310 508 2369 tota
528 2304 795 2370 vitadiseendum
819 2311 869 2369 est
891 2306 982 2370 mori.
1038 2306 1100 2371 Tot
1122 2307 1256 2371 maximi

234 2443 313 2524 „viri
327 2442 450 2508 relictis
467 2442 615 2508 omnibus
631 2442 881 2528 impedimenta,
905 2465 977 2522 cum
993 2443 1123 2525 divitiis,
1147 2443 1259 2509 officiis

229 2580 469 2666 „voluptatibus
500 2583 759 2664 renuntiassent,
794 2582 855 2647 hoc
888 2601 988 2646 unum
1020 2583 1053 2646 in
1082 2587 1259 2648 extremam

230 2740 349 2804 „usque
372 2723 515 2786 aetatem
538 2725 681 2803 egerunt,
704 2727 742 2785 ut
764 2713 872 2787 vivere¹
893 2720 1077 2806 seirent.“⁴)

229 2858 395 2939 „Rationis
418 2860 504 2923 enim
527 2858 683 2944 persentio
707 2865 756 2924 est
778 2862 909 2925 virtue.“
923 2860 949 2944 5)

207 2988 334 3071 Dogma
363 2986 445 3052 illud
472 2989 625 3053 virtutem
654 3010 725 3055 esse
762 2989 931 3055 seientiam
960 2987 1037 3055 boni
1066 2990 1211 3072 rectique
1240 3011 1261 3054 a

125 3127 257 3192 Socrate
279 3127 322 3193 ad
344 3129 504 3193 Zenonem
535 3129 732 3193 translatum
763 3150 832 3194 esse
862 3127 991 3193 videtur
1017 3150 1075 3212 per
1097 3128 1261 3193 Cratetem

125 3243 290 3348 Cynicum,
308 3266 398 3330 onius
414 3265 609 3351 discipulum
624 3288 683 3350 per
698 3267 831 3350 longum
846 3272 974 3351 tempus
990 3265 1088 3331 fuisse
1101 3267 1261 3332 Zenonem

123 3402 269 3468 tradunt.
291 3403 330 3468 In
346 3403 539 3488 Cynicorum
552 3404 695 3470 scholam
711 3426 770 3489 per
784 3404 1011 3470 Antisthenem
1029 3405 1135 3490 ipsum
1153 3425 1264 3489 recep·

123 3546 296 3624 tumeret,
326 3544 480 3626 virtutem
513 3543 653 3627 positam
676 3564 747 3608 esse
777 3544 812 3608 in
841 3537 1004 3631 φρονήσει.

200 3764 217 3820 ¹)
246 3759 347 3813 Stob.
384 3761 430 3813 eol.
466 3763 508 3828 11,
544 3779 569 3830 p.
608 3764 675 3827 1083
722 3762 801 3815 etiam
844 3779 869 3829 pv
907 3761 963 3815 102.
1008 3776 1102 3815 omnes
1150 3762 1262 3814 virtutes

125 3845 278 3924 ἐπιστήμας
301 3856 427 3909 nominat.

195 3950 214 4017 ²)
233 3948 394 4003 Laetant.
413 3950 494 4003 divin.
513 3952 596 4005 instit.
615 3952 661 4015 IV,
680 3955 710 4004 t:

196 4045 216 4107 ³)
236 4043 368 4097 Lucilii
391 4060 485 4098 versus
511 4046 573 4099 ibid.

196 4140 218 4203 ⁴)
238 4140 361 4205 Senee,
380 4139 413 4193 de
431 4140 526 4194 brevit.
544 4142 616 4195 vitae
634 4157 654 4194 c.
676 4145 697 4194 l.

199 4234 217 4302 ³)
236 4233 358 4287 Cicero
376 4234 409 4287 de
427 4234 471 4287 fin.
490 4236 551 4289 bon.
570 4243 597 4290 et
615 4237 675 4292 mal.
695 4237 741 4290 IV.
762 4241 800 4303 13,
819 4240 859 4291 35.
