2834 4609
528 224 685 289 ,91

566 315 771 327 ι--ῄ-

204 471 263 539 Et:

205 607 309 692 ,Men’
331 611 460 675 moveat
482 608 619 694 quippe,
647 614 696 693 et,
726 612 838 678 cantet
859 609 887 674 si
908 606 1100 692 naufragus,
1129 624 1236 673 assem

206 737 443 821 „Protuleriml
474 741 607 820 cantas,
636 758 737 824 quum
758 737 865 804 fracta
886 743 920 804 to
940 739 975 804 in
996 735 1091 803 trabe
1111 735 1236 821 pictum

205 868 274 949 ,Ex
294 867 430 935 humero
451 868 587 955 portes?
607 887 721 935 verum
743 860 803 933 neo
824 871 920 933 nocte
940 870 1094 952 paratum

206 995 386 1080 ,Plorabit,
409 997 467 1081 qui
487 1017 539 1065 me
562 997 649 1064 volet
670 998 856 1063 incurvasse
878 996 1088 1082 querello.¹)“
1113 1034 1157 1047 -

190 1127 372 1194 stultitiam
395 1148 508 1194 eorum
529 1128 680 1212 castigat,
704 1128 761 1212 qui
774 1125 940 1192 beneficiis
955 1125 1099 1193 afficiunt
1113 1127 1236 1212 inopes,

102 1263 137 1324 ut
157 1255 308 1325 laudibus
329 1255 561 1341 blanditiisque
583 1255 771 1323 efferantur.

205 1386 295 1470 „Scis
318 1387 468 1454 oomitem
489 1387 693 1454 horridulum
714 1387 796 1453 trita
817 1385 939 1453 donare
960 1386 1104 1468 lacerna,

207 1518 281 1600 „Eu
305 1538 427 1598 uerum,
449 1516 575 1603 inquis,
597 1536 685 1582 amo:
710 1537 822 1583 verum
843 1515 942 1582 dicite
964 1514 1004 1581 de
1026 1515 1147 1601 me⁸)l“

103 1758 165 1827 Sed
185 1759 267 1826 haee
289 1759 447 1825 haetenus
469 1758 510 1826 de
532 1759 668 1845 singulis
692 1722 874 1827 Stoicorum
896 1756 1085 1825 virtutibus!
1198 1785 1200 1789 ¹

183 1889 369 1956 Paullulum
390 1889 557 1972 mitigasse
579 1889 726 1955 Persium
754 1890 917 1955 severiora
939 1887 1123 1956 Stoicorum
1143 1907 1236 1974 prae·

101 2024 196 2105 copta
218 2040 394 2104 eorumque
416 2018 567 2117 lenivisse
588 2019 800 2103 asperitatem
822 2017 918 2084 facile
940 2017 1144 2102 intelligitur.

141 2177 143 2181 ¹
183 2149 233 2215 Eo
265 2148 369 2232 magis
399 2147 627 2214 admirandum
663 2153 729 2231 est,
763 2147 851 2232 quod
884 2147 1123 2214 severissimum
1154 2145 1237 2215 illud

99 2277 232 2364 dogma,
263 2276 351 2362 quod
372 2276 459 2343 idem
481 2278 623 2343 maxime
649 2277 790 2363 speeiem
812 2276 888 2343 falsi
909 2297 989 2363 prae
1010 2298 1044 2344 se
1071 2277 1136 2344 fert
1164 2258 1237 2364 por·

98 2409 275 2493 paucisque
298 2408 426 2474 omnino
449 2406 663 2492 probabatur,
683 2427 749 2473 non
763 2408 937 2492 mitigavit,
960 2407 1100 2475 Zenonis
1113 2394 1236 2474 scilicet

14 2540 16 2619 ξ
97 2538 265 2622 placitum,
288 2558 399 2604 omnes
421 2538 560 2604 virtutes
584 2537 757 2621 omniaque
779 2543 916 2621 peccata
931 2558 1000 2604 osse
1015 2537 1110 2622 paria
1131 2557 1235 2622 neque

99 2667 276 2753 quidquam
305 2666 448 2733 medium
478 2687 549 2734 esse
575 2667 662 2733 inter
690 2666 853 2733 hominem
884 2666 1004 2733 bonum
1041 2674 1075 2734 et
1102 2667 1234 2749 malum,

14 2808 15 2829 ³
97 2797 277 2881 sapientem
300 2801 333 2863 et
360 2797 582 2881 insipientem,
612 2795 741 2863 felicem
770 2802 803 2863 et
829 2797 1000 2877 miserum3
1031 2799 1128 2864 immo
1157 2817 1235 2864 vero

14 2968 16 3019 5
95 2924 158 2990 hoo
179 2925 370 3010 paradoxon
392 2926 606 3009 apertissimis
629 2925 735 2992 verbis
758 2926 932 3010 expressit:

204 3054 277 3133 „Nil
299 3054 360 3120 tibi
383 3057 541 3122 concessit
561 3055 662 3122 ratio:
686 3055 823 3141 digitum
845 3076 966 3138 exsere,
988 3075 1116 3141 peccas,

100 3187 171 3249 120.
205 3183 267 3265 ,Et
289 3184 368 3268 quid
390 3191 460 3251 tam
480 3206 617 3270 parvum
639 3187 713 3253 est?
736 3185 794 3252 sed
815 3185 905 3252 nullo
928 3191 1002 3252 ture
1024 3184 1147 3269 litabis,

203 3313 365 3401 ,Haereat
385 3317 420 3380 in
441 3315 557 3382 stultis
572 3315 679 3383 brevis
700 3321 740 3381 ut
761 3317 928 3382 semuncia
948 3315 1041 3382 raeti:

203 3442 312 3524 ,Haec
333 3444 470 3513 miscere
491 3445 599 3528 nelas3
620 3466 697 3529 nec,
713 3466 813 3532 quum
835 3447 879 3513 sis
901 3452 1010 3513 cetera
1030 3443 1146 3528 fossor,

203 3574 300 3655 ,Tres
315 3567 444 3642 tantum
459 3575 502 3643 ad
516 3596 673 3645 numeros.
690 3580 837 3663 satyrum
857 3596 1007 3644 moresne
1022 3575 1175 3661 Bathylli.
1185 3576 1229 3663 ³)“

98 3699 280 3773 Stoicorum
302 3704 426 3773 dehoc
447 3706 614 3793 paradoxo
636 3706 831 3775 sententiam
852 3705 952 3774 habes
973 3704 1063 3773 hisee
1085 3706 1182 3774 loeis:
1375 3510 1381 3843 l

170 3987 187 4057 ¹)
206 3988 283 4044 Satir.
301 3990 334 4056 V,
353 3993 415 4057 1103
433 3990 479 4058 vl,
497 3990 531 4043 27
550 4004 623 4059 sqq.;
641 3992 661 4053 l,
679 3994 715 4045 88
732 4007 790 4061 sqq.

165 4079 186 4152 ¹)
204 4086 283 4141 Satin.
300 4086 322 4153 1,
339 4085 374 4138 54
392 4099 431 4153 sq.

164 4180 186 4250 ³)
204 4179 282 4234 Satir.
300 4180 332 4245 V,
351 4181 401 4232 119
418 4191 476 4247 sqq.

14 4518 255 4549 —Dssssd—u-wr
