2834 4609
710 228 753 289 24

625 318 832 332 ”—

264 475 353 554 „eote
380 465 491 550 ἄλλοις
515 466 692 561 χρώμενον,
714 470 811 540 τοῦτό
835 470 937 555 ἐστιν,
959 475 1014 542 καὶ
1035 475 1054 541 ὁ
1076 475 1208 560 σύςβίος
1230 476 1296 543 ὑπὸ

266 604 402 693 ,poison
423 609 600 677 διοικεῖται.
611 612 658 697 ¹)“

250 750 285 818 Si
305 750 407 834 igitur
428 749 539 818 Jahnii
561 750 724 817 sententia
745 770 823 818 vera
844 755 939 834 esset,
961 751 1092 820 Persius
1113 773 1179 819 non
1193 753 1300 820 solum

163 910 204 955 ex
227 887 412 955 Stoicorum
432 888 714 974 philosophorum,
737 890 795 957 sed
817 891 948 958 omnino
971 913 1011 958 ex
1032 892 1302 978 philosophorum

162 1047 298 1095 numero
319 1026 506 1094 eximendus
530 1032 631 1110 esset,
661 1048 762 1113 quum
784 1027 911 1095 duabus
933 1029 1000 1096 illis
1022 1031 1132 1097 satiris
1155 1030 1304 1097 diverses

162 1166 250 1231 inter
272 1185 307 1231 se
329 1166 576 1250 contrariasque
600 1170 793 1251 sequeretur
815 1167 1003 1234 sententias.

251 1302 361 1370 Satira
388 1304 489 1389 igitur
516 1304 617 1371 tertia
646 1325 712 1371 non
741 1303 782 1373 de
810 1305 851 1372 iis
876 1304 1061 1373 hominibus
1084 1306 1207 1391 scripta
1228 1327 1304 1373 esse

163 1445 287 1527 potest,
316 1441 372 1527 qui
398 1462 596 1527 quamquem
624 1440 706 1509 bene
735 1442 855 1526 sciunt,
885 1443 964 1527 quid
993 1444 1036 1510 sit
1056 1448 1197 1526 rectum,
1220 1444 1307 1529 quid

164 1580 364 1663 faciendum,
385 1585 497 1647 tamen
518 1583 656 1648 naturae
679 1579 849 1648 debilitate
870 1580 1102 1666 impediuntur,
1126 1582 1305 1667 quominus

165 1720 319 1787 virtutem
341 1722 526 1803 sequantur.

253 1856 375 1938 Quodsi
396 1856 544 1923 Persium
568 1856 657 1923 inter
688 1855 816 1923 Stoicos
843 1855 966 1925 referre
987 1856 1152 1941 volumus,
1175 1857 1302 1925 fontem

166 1997 334 2077 vitiorum,
371 2014 456 2080 quae
493 1994 596 2061 satira
632 1995 732 2062 tertia
769 1995 980 2081 perstringit,
1022 2017 1096 2063 eum
1132 1997 1305 2082 repetiisse

168 2134 337 2202 credemus
359 2154 489 2201 neeesse
511 2138 641 2202 estnon
661 2155 682 2201 a
704 2138 843 2200 naturae
864 2133 1045 2215 debilitate,
1068 2134 1126 2201 sed
1140 2155 1161 2201 a
1175 2134 1305 2201 ratione

167 2275 210 2342 ad
232 2273 445 2342 discernenda
472 2272 559 2340 bona
588 2272 740 2358 malaque
768 2293 886 2358 parum
914 2277 1029 2354 acuta,
1057 2272 1204 2339 homines
1225 2293 1305 2339 suae

167 2403 289 2480 aetatis
311 2412 385 2480 odio
407 2412 626 2499 persequitur,
647 2432 714 2479 non
729 2410 817 2496 quod
838 2381 959 2477 natura
973 2431 1086 2478 eorum
1101 2407 1226 2491 debilis,
1248 2409 1306 2475 sed

170 2550 258 2637 quod
279 2552 408 2619 ratione
432 2571 534 2635 eaque
565 2549 755 2637 disciplina,
785 2569 852 2633 qua
872 2547 955 2616 bene
976 2548 1152 2629 excolitur,
1175 2548 1305 2615 omnino

167 2688 356 2756 abutuntur.
402 2689 492 2770 Quae
518 2689 690 2776 disciplina
720 2710 820 2774 quum
849 2689 892 2754 sit
919 2686 1141 2775 philosophia,
1164 2687 1300 2752 satiram

168 2828 303 2894 tertiam
331 2828 501 2915 scripsisse
530 2827 610 2894 mihi
639 2826 769 2894 videtur
795 2826 839 2894 ed
867 2824 1099 2893 ostendendam
1119 2844 1305 2910 perversam

169 2988 247 3034 suae
270 2967 389 3033 aetatis
411 2965 572 3033 rationem
593 2963 856 3051 philosophandi.

254 3105 399 3171 Denotet
421 3104 523 3189 igitur
544 3124 610 3171 non
632 3123 705 3185 eos,
736 3102 793 3187 qui
814 3072 969 3168 virtutem
990 3105 1156 3186 petentes,
1179 3099 1304 3185 quomi-

135 3223 137 3227 Α
169 3265 231 3314 nus
254 3244 297 3312 ad
325 3264 397 3310 earn
425 3242 584 3309 accedant
611 3246 751 3310 naturae
785 3239 953 3306 debilitate
981 3237 1219 3325 impediantur,
1248 3237 1306 3304 sed

169 3406 280 3452 eorum
302 3383 449 3468 exagitat
463 3381 649 3462 stultitiam,
666 3380 723 3464 qui
738 3382 918 3464 tangentur
933 3377 1064 3463 quidem
1078 3375 1304 3463 philosophiae

168 3521 363 3612 praeceptis,
386 3520 444 3588 sed
464 3519 579 3586 leviter
593 3523 732 3601 tantum,
747 3523 785 3585 ut
799 3516 956 3585 haereant
969 3516 1005 3582 in
1019 3515 1184 3584 erroribus
1199 3534 1303 3599 neque

168 3663 250 3731 satis
273 3660 423 3728 excolent
443 3657 614 3724 rationem.
649 3656 769 3723 Omnes
790 3654 921 3740 quidem
943 3673 978 3721 se
999 3653 1210 3739 philosophos
1233 3672 1303 3718 esse

168 3805 303 3888 putant,
333 3797 390 3885 qui
417 3796 627 3882 frequentent
653 3794 781 3862 seholas
809 3792 1026 3878 audiantque,
1058 3813 1143 3877 quae
1165 3791 1304 3874 Socrati,

244 4191 260 4259 Ι)
277 4189 399 4244 Anton.
417 4186 451 4255 V,
468 4184 510 4240 21.
