<?xml version="1.0" encoding="UTF-8"?>
<!DOCTYPE html PUBLIC "-//W3C//DTD XHTML 1.0 Transitional//EN"
    "http://www.w3.org/TR/xhtml1/DTD/xhtml1-transitional.dtd">
<html xmlns="http://www.w3.org/1999/xhtml" xml:lang="en" lang="en">
 <head>
  <title>
</title>
<meta http-equiv="Content-Type" content="text/html;charset=utf-8" />
  <meta name='ocr-system' content='tesseract 3.04.00' />
  <meta name='ocr-capabilities' content='ocr_page ocr_carea ocr_par ocr_line ocrx_word'/>
</head>
<body>
  <div class='ocr_page' id='page_1' title='image "./derationestoica00knicgoog_0018.png"; bbox 0 0 2834 4609; ppageno 0'>
   <div class='ocr_carea' id='block_1_1' title="bbox 724 264 762 324">
    <p class='ocr_par' dir='ltr' id='par_1_1' title="bbox 724 264 762 324">
     <span class='ocr_line' id='line_1_1' title="bbox 724 264 762 324; baseline 0.026 -1"><span class='ocrx_word' id='word_1_1' title='bbox 724 264 762 324; x_wconf 90' lang='grc'>10</span> 
     </span>
    </p>
   </div>
   <div class='ocr_carea' id='block_1_2' title="bbox 638 329 1202 365">
    <p class='ocr_par' dir='ltr' id='par_1_2' title="bbox 638 329 1202 365">
     <span class='ocr_line' id='line_1_2' title="bbox 638 329 1202 365; baseline -0.007 -1"><span class='ocrx_word' id='word_1_2' title='bbox 638 354 844 365; x_wconf 78' lang='grc'>...-...-</span> <span class='ocrx_word' id='word_1_3' title='bbox 1196 329 1202 360; x_wconf 93' lang='grc' dir='ltr'>Ι</span> 
     </span>
    </p>
   </div>
   <div class='ocr_carea' id='block_1_3' title="bbox 172 508 1393 1309">
    <p class='ocr_par' dir='ltr' id='par_1_3' title="bbox 172 508 1393 1309">
     <span class='ocr_line' id='line_1_3' title="bbox 174 508 1316 598; baseline -0.005 -18"><span class='ocrx_word' id='word_1_4' title='bbox 174 513 320 598; x_wconf 89' lang='lat' dir='ltr'>sophiam</span> <span class='ocrx_word' id='word_1_5' title='bbox 344 511 486 578; x_wconf 82' lang='lat' dir='ltr'>Stoicam</span> <span class='ocrx_word' id='word_1_6' title='bbox 507 513 648 592; x_wconf 82' lang='lat' dir='ltr'>revocat,</span> <span class='ocrx_word' id='word_1_7' title='bbox 667 510 1039 595; x_wconf 86' lang='lat' dir='ltr'>undepatantuertum</span> <span class='ocrx_word' id='word_1_8' title='bbox 1054 509 1154 576; x_wconf 89' lang='lat' dir='ltr'>animi</span> <span class='ocrx_word' id='word_1_9' title='bbox 1176 508 1316 576; x_wconf 82' lang='lat' dir='ltr'>finem.</span> 
     </span>
     <span class='ocr_line' id='line_1_4' title="bbox 175 648 1318 735; baseline -0.003 -18"><span class='ocrx_word' id='word_1_10' title='bbox 175 652 238 718; x_wconf 83' lang='lat' dir='ltr'>Sed</span> <span class='ocrx_word' id='word_1_11' title='bbox 254 651 326 735; x_wconf 90' lang='lat' dir='ltr'>quis</span> <span class='ocrx_word' id='word_1_12' title='bbox 342 656 400 732; x_wconf 83' lang='lat' dir='ltr'>est,</span> <span class='ocrx_word' id='word_1_13' title='bbox 418 650 474 734; x_wconf 91' lang='lat' dir='ltr'>qui</span> <span class='ocrx_word' id='word_1_14' title='bbox 490 650 635 716; x_wconf 85' lang='lat' dir='ltr'>Persium</span> <span class='ocrx_word' id='word_1_15' title='bbox 650 650 731 715; x_wconf 85' lang='lat' dir='ltr'>vitia</span> <span class='ocrx_word' id='word_1_16' title='bbox 745 670 785 715; x_wconf 83' lang='lat' dir='ltr'>ex</span> <span class='ocrx_word' id='word_1_17' title='bbox 795 648 1001 734; x_wconf 79' lang='lat' dir='ltr'>philosophia</span> <span class='ocrx_word' id='word_1_18' title='bbox 1013 648 1122 715; x_wconf 83' lang='lat' dir='ltr'>Stoica</span> <span class='ocrx_word' id='word_1_19' title='bbox 1132 648 1318 733; x_wconf 86' lang='lat' dir='ltr'>repetenda</span> 
     </span>
     <span class='ocr_line' id='line_1_5' title="bbox 173 785 1393 874; baseline -0.003 -19"><span class='ocrx_word' id='word_1_20' title='bbox 173 790 336 874; x_wconf 86' lang='lat' dir='ltr'>putavisse</span> <span class='ocrx_word' id='word_1_21' title='bbox 349 788 483 854; x_wconf 83' lang='lat' dir='ltr'>credat?</span> <span class='ocrx_word' id='word_1_22' title='bbox 495 788 528 853; x_wconf 91' lang='lat' dir='ltr'>Is</span> <span class='ocrx_word' id='word_1_23' title='bbox 539 789 650 872; x_wconf 83' lang='lat' dir='ltr'>igitur,</span> <span class='ocrx_word' id='word_1_24' title='bbox 663 787 716 853; x_wconf 86' lang='lat' dir='ltr'>cui</span> <span class='ocrx_word' id='word_1_25' title='bbox 728 792 836 853; x_wconf 86' lang='lat' dir='ltr'>certus</span> <span class='ocrx_word' id='word_1_26' title='bbox 847 785 919 852; x_wconf 88' lang='lat' dir='ltr'>finis</span> <span class='ocrx_word' id='word_1_27' title='bbox 931 792 981 852; x_wconf 88' lang='lat' dir='ltr'>est</span> <span class='ocrx_word' id='word_1_28' title='bbox 989 787 1175 872; x_wconf 89' lang='lat' dir='ltr'>prepositus</span> <span class='ocrx_word' id='word_1_29' title='bbox 1186 787 1221 852; x_wconf 90' lang='lat' dir='ltr'>in</span> <span class='ocrx_word' id='word_1_30' title='bbox 1233 807 1318 871; x_wconf 90' lang='lat' dir='ltr'>qua·</span> <span class='ocrx_word' id='word_1_31' title='bbox 1392 861 1393 864; x_wconf 8' lang='grc' dir='ltr'><strong>Ἴ</strong></span> 
     </span>
     <span class='ocr_line' id='line_1_6' title="bbox 173 925 1393 1012; baseline -0.002 -20"><span class='ocrx_word' id='word_1_32' title='bbox 173 949 237 1012; x_wconf 88' lang='lat' dir='ltr'>que</span> <span class='ocrx_word' id='word_1_33' title='bbox 258 948 293 992; x_wconf 89' lang='lat' dir='ltr'>re</span> <span class='ocrx_word' id='word_1_34' title='bbox 325 927 480 992; x_wconf 85' lang='lat' dir='ltr'>virtutem</span> <span class='ocrx_word' id='word_1_35' title='bbox 510 925 695 1009; x_wconf 86' lang='lat' dir='ltr'>bonumque</span> <span class='ocrx_word' id='word_1_36' title='bbox 726 931 896 1010; x_wconf 83' lang='lat' dir='ltr'>sequetur3</span> <span class='ocrx_word' id='word_1_37' title='bbox 920 930 1163 1011; x_wconf 88' lang='lat' dir='ltr'>quaproptera</span> <span class='ocrx_word' id='word_1_38' title='bbox 1200 925 1316 991; x_wconf 89' lang='lat' dir='ltr'>Persio</span> <span class='ocrx_word' id='word_1_39' title='bbox 1392 1005 1393 1012; x_wconf 6' lang='grc' dir='ltr'>ἵ</span> 
     </span>
     <span class='ocr_line' id='line_1_7' title="bbox 172 1064 1393 1150; baseline -0.007 -20"><span class='ocrx_word' id='word_1_40' title='bbox 172 1067 206 1130; x_wconf 93' lang='lat' dir='ltr'>in</span> <span class='ocrx_word' id='word_1_41' title='bbox 221 1066 353 1131; x_wconf 78' lang='lat' dir='ltr'>virtutis</span> <span class='ocrx_word' id='word_1_42' title='bbox 375 1064 483 1131; x_wconf 87' lang='lat' dir='ltr'>studio</span> <span class='ocrx_word' id='word_1_43' title='bbox 506 1086 663 1130; x_wconf 88' lang='lat' dir='ltr'>summam</span> <span class='ocrx_word' id='word_1_44' title='bbox 678 1064 901 1150; x_wconf 82' lang='lat' dir='ltr'>philosophiae</span> <span class='ocrx_word' id='word_1_45' title='bbox 916 1065 1058 1149; x_wconf 82' lang='lat' dir='ltr'>positam</span> <span class='ocrx_word' id='word_1_46' title='bbox 1080 1084 1150 1130; x_wconf 85' lang='lat' dir='ltr'>esse</span> <span class='ocrx_word' id='word_1_47' title='bbox 1172 1084 1237 1130; x_wconf 90' lang='lat' dir='ltr'>non</span> <span class='ocrx_word' id='word_1_48' title='bbox 1261 1066 1316 1129; x_wconf 88' lang='lat' dir='ltr'>est</span> <span class='ocrx_word' id='word_1_49' title='bbox 1392 1087 1393 1122; x_wconf 80' lang='lat' dir='ltr'>l</span> 
     </span>
     <span class='ocr_line' id='line_1_8' title="bbox 173 1202 1089 1309; baseline -0.001 -40"><span class='ocrx_word' id='word_1_50' title='bbox 173 1204 261 1309; x_wconf 83' lang='lat' dir='ltr'>quod</span> <span class='ocrx_word' id='word_1_51' title='bbox 282 1225 444 1296; x_wconf 82' lang='lat' dir='ltr'>negemus.</span> <span class='ocrx_word' id='word_1_52' title='bbox 468 1203 540 1269; x_wconf 84' lang='lat' dir='ltr'>Huc</span> <span class='ocrx_word' id='word_1_53' title='bbox 563 1225 692 1289; x_wconf 87' lang='lat' dir='ltr'>quoque</span> <span class='ocrx_word' id='word_1_54' title='bbox 716 1208 843 1288; x_wconf 87' lang='lat' dir='ltr'>spectat</span> <span class='ocrx_word' id='word_1_55' title='bbox 865 1208 925 1268; x_wconf 89' lang='lat' dir='ltr'>sat.</span> <span class='ocrx_word' id='word_1_56' title='bbox 949 1202 987 1283; x_wconf 85' lang='lat' dir='ltr'>V,</span> <span class='ocrx_word' id='word_1_57' title='bbox 1014 1206 1089 1268; x_wconf 76' lang='lat'>104:</span> 
     </span>
    </p>
   </div>
   <div class='ocr_carea' id='block_1_4' title="bbox 278 1341 771 1423">
    <p class='ocr_par' dir='ltr' id='par_1_4' title="bbox 278 1341 771 1423">
     <span class='ocr_line' id='line_1_9' title="bbox 278 1341 771 1423; baseline 0.002 -16"><span class='ocrx_word' id='word_1_58' title='bbox 278 1381 321 1392; x_wconf 91' lang='lat'>--</span> <span class='ocrx_word' id='word_1_59' title='bbox 344 1341 436 1423; x_wconf 86' lang='lat' dir='ltr'>„Tibi</span> <span class='ocrx_word' id='word_1_60' title='bbox 459 1346 549 1408; x_wconf 83' lang='lat' dir='ltr'>recto</span> <span class='ocrx_word' id='word_1_61' title='bbox 572 1342 678 1408; x_wconf 81' lang='lat' dir='ltr'>vivere</span> <span class='ocrx_word' id='word_1_62' title='bbox 702 1341 771 1408; x_wconf 87' lang='lat' dir='ltr'>talo</span> 
     </span>
    </p>
   </div>
   <div class='ocr_carea' id='block_1_5' title="bbox 260 1471 1393 1687">
    <p class='ocr_par' dir='ltr' id='par_1_5' title="bbox 260 1471 1393 1687">
     <span class='ocr_line' id='line_1_10' title="bbox 276 1471 503 1553; baseline -0.009 -15"><span class='ocrx_word' id='word_1_63' title='bbox 276 1472 358 1553; x_wconf 80' lang='lat' dir='ltr'>„Ars</span> <span class='ocrx_word' id='word_1_64' title='bbox 381 1471 503 1538; x_wconf 86' lang='lat' dir='ltr'>dedit.“</span> 
     </span>
     <span class='ocr_line' id='line_1_11' title="bbox 260 1585 1393 1687; baseline -0.005 -21"><span class='ocrx_word' id='word_1_65' title='bbox 260 1601 323 1666; x_wconf 92' lang='lat' dir='ltr'>Ars</span> <span class='ocrx_word' id='word_1_66' title='bbox 345 1601 430 1667; x_wconf 89' lang='lat' dir='ltr'>enim</span> <span class='ocrx_word' id='word_1_67' title='bbox 452 1607 504 1667; x_wconf 89' lang='lat' dir='ltr'>est</span> <span class='ocrx_word' id='word_1_68' title='bbox 526 1601 726 1683; x_wconf 85' lang='lat' dir='ltr'>vocabulum,</span> <span class='ocrx_word' id='word_1_69' title='bbox 751 1600 838 1686; x_wconf 89' lang='lat' dir='ltr'>quod</span> <span class='ocrx_word' id='word_1_70' title='bbox 861 1601 949 1687; x_wconf 87' lang='lat' dir='ltr'>apud</span> <span class='ocrx_word' id='word_1_71' title='bbox 972 1599 1098 1667; x_wconf 82' lang='lat' dir='ltr'>Stoicos</span> <span class='ocrx_word' id='word_1_72' title='bbox 1120 1599 1163 1665; x_wconf 86' lang='lat' dir='ltr'>ad</span> <span class='ocrx_word' id='word_1_73' title='bbox 1186 1596 1308 1683; x_wconf 85' lang='lat' dir='ltr'>signifi·</span> <span class='ocrx_word' id='word_1_74' title='bbox 1392 1585 1393 1628; x_wconf 68' lang='lat'>³</span> 
     </span>
    </p>
   </div>
   <div class='ocr_carea' id='block_1_6' title="bbox 132 1737 1311 1962">
    <p class='ocr_par' dir='ltr' id='par_1_6' title="bbox 132 1737 1311 1962">
     <span class='ocr_line' id='line_1_12' title="bbox 132 1737 1311 1825; baseline -0.001 -20"><span class='ocrx_word' id='word_1_75' title='bbox 132 1763 134 1767; x_wconf 50' lang='lat'><strong><em>⁴</em></strong></span> <span class='ocrx_word' id='word_1_76' title='bbox 172 1740 309 1807; x_wconf 83' lang='lat' dir='ltr'>eandam</span> <span class='ocrx_word' id='word_1_77' title='bbox 325 1739 564 1825; x_wconf 82' lang='lat' dir='ltr'>philosophiam</span> <span class='ocrx_word' id='word_1_78' title='bbox 577 1745 649 1806; x_wconf 91' lang='lat' dir='ltr'>erat</span> <span class='ocrx_word' id='word_1_79' title='bbox 664 1740 911 1805; x_wconf 87' lang='lat' dir='ltr'>usitatissimum</span> <span class='ocrx_word' id='word_1_80' title='bbox 922 1741 962 1823; x_wconf 75' lang='grc'>1);</span> <span class='ocrx_word' id='word_1_81' title='bbox 978 1744 1067 1806; x_wconf 82' lang='lat' dir='ltr'>recto</span> <span class='ocrx_word' id='word_1_82' title='bbox 1084 1738 1189 1804; x_wconf 83' lang='lat' dir='ltr'>vivere</span> <span class='ocrx_word' id='word_1_83' title='bbox 1205 1737 1311 1821; x_wconf 75' lang='lat' dir='ltr'>ta102)</span> 
     </span>
     <span class='ocr_line' id='line_1_13' title="bbox 172 1877 1310 1962; baseline 0 -19"><span class='ocrx_word' id='word_1_84' title='bbox 172 1884 222 1944; x_wconf 85' lang='lat' dir='ltr'>est</span> <span class='ocrx_word' id='word_1_85' title='bbox 242 1878 324 1944; x_wconf 88' lang='lat' dir='ltr'>bene</span> <span class='ocrx_word' id='word_1_86' title='bbox 347 1900 444 1962; x_wconf 83' lang='lat' dir='ltr'>agere</span> <span class='ocrx_word' id='word_1_87' title='bbox 465 1880 499 1944; x_wconf 90' lang='lat' dir='ltr'>in</span> <span class='ocrx_word' id='word_1_88' title='bbox 522 1877 671 1945; x_wconf 88' lang='lat' dir='ltr'>omnibus</span> <span class='ocrx_word' id='word_1_89' title='bbox 692 1878 790 1944; x_wconf 90' lang='lat' dir='ltr'>rebus</span> <span class='ocrx_word' id='word_1_90' title='bbox 813 1880 1030 1962; x_wconf 86' lang='lat' dir='ltr'>virtutemque</span> <span class='ocrx_word' id='word_1_91' title='bbox 1053 1899 1180 1962; x_wconf 89' lang='lat' dir='ltr'>semper</span> <span class='ocrx_word' id='word_1_92' title='bbox 1202 1878 1310 1962; x_wconf 89' lang='lat' dir='ltr'>sequi;</span> 
     </span>
    </p>
   </div>
   <div class='ocr_carea' id='block_1_7' title="bbox 171 2017 1090 2363">
    <p class='ocr_par' dir='ltr' id='par_1_7' title="bbox 171 2017 1090 2363">
     <span class='ocr_line' id='line_1_14' title="bbox 171 2017 426 2097; baseline -0.012 -12"><span class='ocrx_word' id='word_1_93' title='bbox 171 2023 207 2084; x_wconf 83' lang='lat' dir='ltr'>et</span> <span class='ocrx_word' id='word_1_94' title='bbox 229 2023 289 2086; x_wconf 87' lang='lat' dir='ltr'>sat.</span> <span class='ocrx_word' id='word_1_95' title='bbox 312 2017 352 2097; x_wconf 88' lang='lat' dir='ltr'>V,</span> <span class='ocrx_word' id='word_1_96' title='bbox 376 2023 426 2083; x_wconf 83' lang='lat'>38.</span> 
     </span>
     <span class='ocr_line' id='line_1_15' title="bbox 274 2147 753 2229; baseline -0.015 -9"><span class='ocrx_word' id='word_1_97' title='bbox 274 2187 318 2197; x_wconf 87' lang='lat'><em>-</em></span> <span class='ocrx_word' id='word_1_98' title='bbox 355 2149 458 2229; x_wconf 81' lang='lat' dir='ltr'>„Tum</span> <span class='ocrx_word' id='word_1_99' title='bbox 493 2147 606 2214; x_wconf 81' lang='lat' dir='ltr'>fallere</span> <span class='ocrx_word' id='word_1_100' title='bbox 639 2147 753 2213; x_wconf 87' lang='lat' dir='ltr'>sollers</span> 
     </span>
     <span class='ocr_line' id='line_1_16' title="bbox 275 2277 1090 2363; baseline -0.002 -19"><span class='ocrx_word' id='word_1_101' title='bbox 275 2278 454 2363; x_wconf 79' lang='lat' dir='ltr'>„Apposita</span> <span class='ocrx_word' id='word_1_102' title='bbox 476 2278 616 2343; x_wconf 87' lang='lat' dir='ltr'>intortos</span> <span class='ocrx_word' id='word_1_103' title='bbox 640 2277 786 2344; x_wconf 83' lang='lat' dir='ltr'>extendit</span> <span class='ocrx_word' id='word_1_104' title='bbox 808 2280 923 2363; x_wconf 83' lang='lat' dir='ltr'>regula</span> <span class='ocrx_word' id='word_1_105' title='bbox 945 2285 1090 2360; x_wconf 88' lang='lat' dir='ltr'>mores;“</span> 
     </span>
    </p>
   </div>
   <div class='ocr_carea' id='block_1_8' title="bbox 169 2387 1160 2502">
    <p class='ocr_par' dir='ltr' id='par_1_8' title="bbox 169 2387 1160 2502">
     <span class='ocr_line' id='line_1_17' title="bbox 169 2387 1160 2502; baseline -0.001 -20"><span class='ocrx_word' id='word_1_106' title='bbox 169 2414 225 2482; x_wconf 91' lang='lat' dir='ltr'>ubi</span> <span class='ocrx_word' id='word_1_107' title='bbox 248 2418 400 2501; x_wconf 81' lang='lat' dir='ltr'>‚,regula“</span> <span class='ocrx_word' id='word_1_108' title='bbox 423 2417 504 2481; x_wconf 86' lang='lat' dir='ltr'>nihil</span> <span class='ocrx_word' id='word_1_109' title='bbox 527 2389 616 2482; x_wconf 77' lang='lat' dir='ltr'>aliud</span> <span class='ocrx_word' id='word_1_110' title='bbox 640 2437 710 2481; x_wconf 87' lang='lat' dir='ltr'>esse</span> <span class='ocrx_word' id='word_1_111' title='bbox 732 2420 842 2501; x_wconf 89' lang='lat' dir='ltr'>potest</span> <span class='ocrx_word' id='word_1_112' title='bbox 863 2417 926 2482; x_wconf 89' lang='lat' dir='ltr'>nisi</span> <span class='ocrx_word' id='word_1_113' title='bbox 946 2387 1160 2502; x_wconf 86' lang='lat' dir='ltr'>philosophia.</span> 
     </span>
    </p>
   </div>
   <div class='ocr_carea' id='block_1_9' title="bbox 168 2554 1306 2916">
    <p class='ocr_par' dir='ltr' id='par_1_9' title="bbox 168 2554 1306 2916">
     <span class='ocr_line' id='line_1_18' title="bbox 256 2554 1306 2639; baseline -0.001 -20"><span class='ocrx_word' id='word_1_114' title='bbox 256 2555 294 2619; x_wconf 91' lang='lat' dir='ltr'>In</span> <span class='ocrx_word' id='word_1_115' title='bbox 308 2556 357 2636; x_wconf 87' lang='lat' dir='ltr'>iis,</span> <span class='ocrx_word' id='word_1_116' title='bbox 375 2576 457 2639; x_wconf 90' lang='lat' dir='ltr'>quae</span> <span class='ocrx_word' id='word_1_117' title='bbox 471 2554 686 2639; x_wconf 81' lang='lat' dir='ltr'>exposuimus,</span> <span class='ocrx_word' id='word_1_118' title='bbox 704 2554 857 2620; x_wconf 82' lang='lat' dir='ltr'>virtutem</span> <span class='ocrx_word' id='word_1_119' title='bbox 873 2560 905 2620; x_wconf 88' lang='lat' dir='ltr'>et</span> <span class='ocrx_word' id='word_1_120' title='bbox 926 2554 1119 2639; x_wconf 77' lang='lat' dir='ltr'>sapientiam</span> <span class='ocrx_word' id='word_1_121' title='bbox 1140 2558 1306 2637; x_wconf 79' lang='lat' dir='ltr'>tamquam</span> 
     </span>
     <span class='ocr_line' id='line_1_19' title="bbox 168 2692 1305 2782; baseline 0 -24"><span class='ocrx_word' id='word_1_122' title='bbox 168 2713 221 2758; x_wconf 88' lang='lat' dir='ltr'>res</span> <span class='ocrx_word' id='word_1_123' title='bbox 243 2692 386 2758; x_wconf 85' lang='lat' dir='ltr'>diversas</span> <span class='ocrx_word' id='word_1_124' title='bbox 410 2692 632 2774; x_wconf 87' lang='lat' dir='ltr'>distinuimus;</span> <span class='ocrx_word' id='word_1_125' title='bbox 664 2714 745 2777; x_wconf 86' lang='lat' dir='ltr'>quas</span> <span class='ocrx_word' id='word_1_126' title='bbox 779 2693 985 2782; x_wconf 89' lang='lat' dir='ltr'>nihilominus</span> <span class='ocrx_word' id='word_1_127' title='bbox 1014 2699 1046 2759; x_wconf 89' lang='lat' dir='ltr'>et</span> <span class='ocrx_word' id='word_1_128' title='bbox 1070 2692 1157 2778; x_wconf 90' lang='lat' dir='ltr'>apud</span> <span class='ocrx_word' id='word_1_129' title='bbox 1182 2692 1305 2758; x_wconf 84' lang='lat' dir='ltr'>Stoicos</span> 
     </span>
     <span class='ocr_line' id='line_1_20' title="bbox 168 2830 1303 2916; baseline -0.001 -20"><span class='ocrx_word' id='word_1_130' title='bbox 168 2836 293 2897; x_wconf 84' lang='lat' dir='ltr'>ueteres</span> <span class='ocrx_word' id='word_1_131' title='bbox 315 2838 348 2897; x_wconf 86' lang='lat' dir='ltr'>et</span> <span class='ocrx_word' id='word_1_132' title='bbox 377 2831 464 2916; x_wconf 87' lang='lat' dir='ltr'>apud</span> <span class='ocrx_word' id='word_1_133' title='bbox 487 2832 634 2897; x_wconf 86' lang='lat' dir='ltr'>Persium</span> <span class='ocrx_word' id='word_1_134' title='bbox 664 2831 751 2897; x_wconf 86' lang='lat' dir='ltr'>idem</span> <span class='ocrx_word' id='word_1_135' title='bbox 779 2830 878 2897; x_wconf 80' lang='lat' dir='ltr'>fuisse</span> <span class='ocrx_word' id='word_1_136' title='bbox 909 2853 948 2897; x_wconf 82' lang='lat' dir='ltr'>ex</span> <span class='ocrx_word' id='word_1_137' title='bbox 976 2832 1030 2913; x_wconf 79' lang='lat' dir='ltr'>iis,</span> <span class='ocrx_word' id='word_1_138' title='bbox 1059 2853 1142 2916; x_wconf 89' lang='lat' dir='ltr'>quae</span> <span class='ocrx_word' id='word_1_139' title='bbox 1172 2830 1303 2896; x_wconf 77' lang='lat' dir='ltr'>allaturi</span> 
     </span>
    </p>
   </div>
   <div class='ocr_carea' id='block_1_10' title="bbox 170 2970 497 3055">
    <p class='ocr_par' dir='ltr' id='par_1_10' title="bbox 170 2970 497 3055">
     <span class='ocr_line' id='line_1_21' title="bbox 170 2970 497 3055; baseline -0.006 -19"><span class='ocrx_word' id='word_1_140' title='bbox 170 2990 290 3050; x_wconf 89' lang='lat' dir='ltr'>sumus,</span> <span class='ocrx_word' id='word_1_141' title='bbox 314 2970 497 3055; x_wconf 87' lang='lat' dir='ltr'>apparebit.</span> 
     </span>
    </p>
   </div>
   <div class='ocr_carea' id='block_1_11' title="bbox 250 3134 583 3141">
    <p class='ocr_par' dir='ltr' id='par_1_11' title="bbox 250 3134 583 3141">
     <span class='ocr_line' id='line_1_22' title="bbox 250 3134 583 3141; baseline 0 -1"><span class='ocrx_word' id='word_1_142' title='bbox 250 3135 271 3140; x_wconf 55' lang='lat' dir='ltr'>a&gt;</span> <span class='ocrx_word' id='word_1_143' title='bbox 279 3134 378 3141; x_wconf 47' lang='lat' dir='ltr'>-.u-«...--..</span> <span class='ocrx_word' id='word_1_144' title='bbox 384 3134 549 3140; x_wconf 49' lang='lat' dir='ltr'>u-„ffifflmn-m-</span> <span class='ocrx_word' id='word_1_145' title='bbox 556 3134 583 3140; x_wconf 67' lang='lat'>..-</span> 
     </span>
    </p>
   </div>
   <div class='ocr_carea' id='block_1_12' title="bbox 166 3209 1308 3884">
    <p class='ocr_par' dir='ltr' id='par_1_12' title="bbox 166 3209 1308 3884">
     <span class='ocr_line' id='line_1_23' title="bbox 239 3209 1306 3293; baseline -0.003 -22"><span class='ocrx_word' id='word_1_146' title='bbox 239 3218 258 3287; x_wconf 93' lang='lat'>¹)</span> <span class='ocrx_word' id='word_1_147' title='bbox 277 3217 316 3271; x_wconf 76' lang='lat' dir='ltr'>uf.</span> <span class='ocrx_word' id='word_1_148' title='bbox 335 3217 416 3272; x_wconf 86' lang='lat' dir='ltr'>Plut.</span> <span class='ocrx_word' id='word_1_149' title='bbox 436 3217 469 3272; x_wconf 82' lang='lat' dir='ltr'>de</span> <span class='ocrx_word' id='word_1_150' title='bbox 482 3219 549 3288; x_wconf 80' lang='lat' dir='ltr'>plac.</span> <span class='ocrx_word' id='word_1_151' title='bbox 563 3219 628 3293; x_wconf 86' lang='lat' dir='ltr'>phil.</span> <span class='ocrx_word' id='word_1_152' title='bbox 639 3235 770 3289; x_wconf 82' lang='lat' dir='ltr'>prooem:</span> <span class='ocrx_word' id='word_1_153' title='bbox 785 3211 1072 3291; x_wconf 59' lang='lat' dir='ltr'>„Thuliiqiloroqr&#39;av</span> <span class='ocrx_word' id='word_1_154' title='bbox 1084 3221 1128 3289; x_wconf 83' lang='lat' dir='ltr'>[so.</span> <span class='ocrx_word' id='word_1_155' title='bbox 1149 3211 1174 3270; x_wconf 85' lang='grc' dir='ltr'>οἱ</span> <span class='ocrx_word' id='word_1_156' title='bbox 1189 3209 1306 3270; x_wconf 80' lang='grc' dir='ltr'>Στωικοὶ</span> 
     </span>
     <span class='ocr_line' id='line_1_24' title="bbox 167 3311 1306 3397; baseline 0.002 -25"><span class='ocrx_word' id='word_1_157' title='bbox 167 3311 291 3394; x_wconf 63' lang='grc' dir='ltr'>,ἔφασαν</span> <span class='ocrx_word' id='word_1_158' title='bbox 317 3311 394 3380; x_wconf 77' lang='grc' dir='ltr'><strong>εἶναι)</strong></span> <span class='ocrx_word' id='word_1_159' title='bbox 417 3311 532 3392; x_wconf 79' lang='grc' dir='ltr'>ἄσκησιν</span> <span class='ocrx_word' id='word_1_160' title='bbox 558 3314 659 3397; x_wconf 78' lang='grc' dir='ltr'>τέχνης</span> <span class='ocrx_word' id='word_1_161' title='bbox 678 3315 853 3393; x_wconf 62' lang='grc' dir='ltr'>ἐπιτηδείου.</span> <span class='ocrx_word' id='word_1_162' title='bbox 917 3315 1066 3397; x_wconf 72' lang='grc' dir='ltr'>,,Τέχνην“</span> <span class='ocrx_word' id='word_1_163' title='bbox 1093 3322 1223 3376; x_wconf 86' lang='lat' dir='ltr'>finiebant</span> <span class='ocrx_word' id='word_1_164' title='bbox 1250 3335 1306 3376; x_wconf 81' lang='lat' dir='ltr'>esso</span> 
     </span>
     <span class='ocr_line' id='line_1_25' title="bbox 167 3416 1304 3498; baseline 0 -21"><span class='ocrx_word' id='word_1_165' title='bbox 167 3416 318 3495; x_wconf 73' lang='lat' dir='ltr'>„uuirrqpu</span> <span class='ocrx_word' id='word_1_166' title='bbox 339 3417 370 3474; x_wconf 80' lang='grc' dir='ltr'>ἐκ</span> <span class='ocrx_word' id='word_1_167' title='bbox 390 3419 574 3497; x_wconf 73' lang='grc' dir='ltr'>καταλήψεως</span> <span class='ocrx_word' id='word_1_168' title='bbox 604 3419 733 3498; x_wconf 71' lang='grc' dir='ltr'>ἐμπειρίᾳ</span> <span class='ocrx_word' id='word_1_169' title='bbox 768 3419 1052 3497; x_wconf 69' lang='grc' dir='ltr'>συγγεγυμναπμένων</span> <span class='ocrx_word' id='word_1_170' title='bbox 1081 3418 1149 3498; x_wconf 78' lang='grc' dir='ltr'>πρός</span> <span class='ocrx_word' id='word_1_171' title='bbox 1172 3441 1198 3477; x_wconf 87' lang='grc' dir='ltr'>τι</span> <span class='ocrx_word' id='word_1_172' title='bbox 1229 3418 1304 3481; x_wconf 77' lang='grc' dir='ltr'><strong>τέλος</strong></span> 
     </span>
     <span class='ocr_line' id='line_1_26' title="bbox 166 3517 1305 3612; baseline 0.004 -33"><span class='ocrx_word' id='word_1_173' title='bbox 166 3518 321 3602; x_wconf 70' lang='grc' dir='ltr'>εὔχρηστον</span> <span class='ocrx_word' id='word_1_174' title='bbox 336 3526 391 3580; x_wconf 78' lang='grc' dir='ltr'>τῶν</span> <span class='ocrx_word' id='word_1_175' title='bbox 413 3521 441 3579; x_wconf 80' lang='grc' dir='ltr'>ἐν</span> <span class='ocrx_word' id='word_1_176' title='bbox 462 3517 503 3599; x_wconf 74' lang='grc' dir='ltr'>τῷ</span> <span class='ocrx_word' id='word_1_177' title='bbox 525 3520 604 3601; x_wconf 81' lang='grc' dir='ltr'>βίῳ.“</span> <span class='ocrx_word' id='word_1_178' title='bbox 635 3531 746 3585; x_wconf 79' lang='lat' dir='ltr'>Seuer.</span> <span class='ocrx_word' id='word_1_179' title='bbox 766 3546 807 3599; x_wconf 93' lang='lat' dir='ltr'>ep.</span> <span class='ocrx_word' id='word_1_180' title='bbox 826 3530 873 3584; x_wconf 78' lang='lat'>29:</span> <span class='ocrx_word' id='word_1_181' title='bbox 901 3529 1055 3599; x_wconf 83' lang='lat' dir='ltr'>„Sapientia</span> <span class='ocrx_word' id='word_1_182' title='bbox 1072 3546 1116 3584; x_wconf 88' lang='lat' dir='ltr'>ars</span> <span class='ocrx_word' id='word_1_183' title='bbox 1135 3535 1189 3596; x_wconf 82' lang='lat' dir='ltr'>est,</span> <span class='ocrx_word' id='word_1_184' title='bbox 1208 3536 1305 3612; x_wconf 79' lang='lat' dir='ltr'>eertum</span> 
     </span>
     <span class='ocr_line' id='line_1_27' title="bbox 167 3624 1308 3695; baseline -0.002 -17"><span class='ocrx_word' id='word_1_185' title='bbox 167 3624 265 3695; x_wconf 86' lang='lat' dir='ltr'>petit;“</span> <span class='ocrx_word' id='word_1_186' title='bbox 285 3637 326 3693; x_wconf 91' lang='lat' dir='ltr'>ep.</span> <span class='ocrx_word' id='word_1_187' title='bbox 350 3625 391 3691; x_wconf 82' lang='lat'>95,</span> <span class='ocrx_word' id='word_1_188' title='bbox 411 3626 441 3692; x_wconf 80' lang='lat'>83</span> <span class='ocrx_word' id='word_1_189' title='bbox 476 3624 530 3690; x_wconf 86' lang='lat' dir='ltr'>„At</span> <span class='ocrx_word' id='word_1_190' title='bbox 548 3624 615 3678; x_wconf 87' lang='lat' dir='ltr'>haec</span> <span class='ocrx_word' id='word_1_191' title='bbox 640 3626 809 3695; x_wconf 80' lang='lat' dir='ltr'>(sapientia),</span> <span class='ocrx_word' id='word_1_192' title='bbox 835 3641 903 3695; x_wconf 84' lang='lat' dir='ltr'>quae</span> <span class='ocrx_word' id='word_1_193' title='bbox 926 3633 1008 3679; x_wconf 85' lang='lat' dir='ltr'>artem</span> <span class='ocrx_word' id='word_1_194' title='bbox 1033 3626 1105 3678; x_wconf 86' lang='lat' dir='ltr'>vitae</span> <span class='ocrx_word' id='word_1_195' title='bbox 1126 3624 1250 3694; x_wconf 84' lang='lat' dir='ltr'>professa</span> <span class='ocrx_word' id='word_1_196' title='bbox 1270 3629 1308 3678; x_wconf 88' lang='lat' dir='ltr'>est</span> 
     </span>
     <span class='ocr_line' id='line_1_28' title="bbox 166 3718 1308 3790; baseline 0 -17"><span class='ocrx_word' id='word_1_197' title='bbox 166 3718 241 3774; x_wconf 85' lang='lat' dir='ltr'>nulla</span> <span class='ocrx_word' id='word_1_198' title='bbox 263 3733 305 3786; x_wconf 84' lang='lat' dir='ltr'>re,</span> <span class='ocrx_word' id='word_1_199' title='bbox 338 3719 478 3788; x_wconf 82' lang='lat' dir='ltr'>quominus</span> <span class='ocrx_word' id='word_1_200' title='bbox 501 3727 688 3787; x_wconf 74' lang='lat' dir='ltr'>seruauerat,</span> <span class='ocrx_word' id='word_1_201' title='bbox 715 3720 841 3789; x_wconf 89' lang='lat' dir='ltr'>impediri</span> <span class='ocrx_word' id='word_1_202' title='bbox 864 3724 979 3790; x_wconf 84' lang='lat' dir='ltr'>potest.“</span> <span class='ocrx_word' id='word_1_203' title='bbox 1016 3720 1081 3774; x_wconf 83' lang='lat' dir='ltr'>Cic.</span> <span class='ocrx_word' id='word_1_204' title='bbox 1106 3721 1184 3775; x_wconf 84' lang='lat' dir='ltr'>Tusr.</span> <span class='ocrx_word' id='word_1_205' title='bbox 1210 3720 1248 3788; x_wconf 89' lang='lat' dir='ltr'>II,</span> <span class='ocrx_word' id='word_1_206' title='bbox 1279 3722 1308 3785; x_wconf 82' lang='lat'>4,</span> 
     </span>
     <span class='ocr_line' id='line_1_29' title="bbox 169 3814 1306 3884; baseline 0 -16"><span class='ocrx_word' id='word_1_207' title='bbox 169 3814 212 3868; x_wconf 79' lang='lat'>12:</span> <span class='ocrx_word' id='word_1_208' title='bbox 231 3814 429 3884; x_wconf 88' lang='lat' dir='ltr'>„Philosophus</span> <span class='ocrx_word' id='word_1_209' title='bbox 446 3815 474 3868; x_wconf 89' lang='lat' dir='ltr'>in</span> <span class='ocrx_word' id='word_1_210' title='bbox 491 3814 596 3869; x_wconf 85' lang='lat' dir='ltr'>ratione</span> <span class='ocrx_word' id='word_1_211' title='bbox 614 3815 685 3869; x_wconf 85' lang='lat' dir='ltr'>vitae</span> <span class='ocrx_word' id='word_1_212' title='bbox 699 3830 814 3884; x_wconf 81' lang='lat' dir='ltr'>peccans</span> <span class='ocrx_word' id='word_1_213' title='bbox 827 3815 878 3869; x_wconf 86' lang='lat' dir='ltr'>hoc</span> <span class='ocrx_word' id='word_1_214' title='bbox 891 3816 996 3883; x_wconf 85' lang='lat' dir='ltr'>turpior</span> <span class='ocrx_word' id='word_1_215' title='bbox 1013 3821 1061 3882; x_wconf 86' lang='lat' dir='ltr'>est,</span> <span class='ocrx_word' id='word_1_216' title='bbox 1081 3814 1152 3884; x_wconf 85' lang='lat' dir='ltr'>quod</span> <span class='ocrx_word' id='word_1_217' title='bbox 1171 3815 1199 3867; x_wconf 92' lang='lat' dir='ltr'>iu</span> <span class='ocrx_word' id='word_1_218' title='bbox 1218 3814 1306 3881; x_wconf 83' lang='lat' dir='ltr'>officio,</span> 
     </span>
    </p>
   </div>
   <div class='ocr_carea' id='block_1_13' title="bbox 149 3909 1306 4086">
    <p class='ocr_par' dir='ltr' id='par_1_13' title="bbox 149 3909 1306 4086">
     <span class='ocr_line' id='line_1_30' title="bbox 168 3909 1306 3979; baseline -0.001 -15"><span class='ocrx_word' id='word_1_219' title='bbox 168 3910 243 3964; x_wconf 87' lang='lat' dir='ltr'>ouius</span> <span class='ocrx_word' id='word_1_220' title='bbox 260 3909 390 3978; x_wconf 82' lang='lat' dir='ltr'>magister</span> <span class='ocrx_word' id='word_1_221' title='bbox 410 3923 469 3963; x_wconf 87' lang='lat' dir='ltr'>esse</span> <span class='ocrx_word' id='word_1_222' title='bbox 487 3910 556 3976; x_wconf 86' lang='lat' dir='ltr'>vult,</span> <span class='ocrx_word' id='word_1_223' title='bbox 579 3909 680 3964; x_wconf 85' lang='lat' dir='ltr'>labitur</span> <span class='ocrx_word' id='word_1_224' title='bbox 700 3916 838 3977; x_wconf 87' lang='lat' dir='ltr'>artemque</span> <span class='ocrx_word' id='word_1_225' title='bbox 862 3911 934 3963; x_wconf 80' lang='lat' dir='ltr'>ritae</span> <span class='ocrx_word' id='word_1_226' title='bbox 957 3910 1096 3979; x_wconf 84' lang='lat' dir='ltr'>professus</span> <span class='ocrx_word' id='word_1_227' title='bbox 1121 3909 1256 3979; x_wconf 87' lang='lat' dir='ltr'>delinquit</span> <span class='ocrx_word' id='word_1_228' title='bbox 1280 3909 1306 3964; x_wconf 92' lang='lat' dir='ltr'>in</span> 
     </span>
     <span class='ocr_line' id='line_1_31' title="bbox 149 4002 939 4086; baseline -0.005 -19"><span class='ocrx_word' id='word_1_229' title='bbox 149 4014 246 4069; x_wconf 82' lang='lat' dir='ltr'>·vitu.“</span> <span class='ocrx_word' id='word_1_230' title='bbox 265 4013 348 4067; x_wconf 91' lang='lat' dir='ltr'>Plut.</span> <span class='ocrx_word' id='word_1_231' title='bbox 368 4013 402 4067; x_wconf 85' lang='lat' dir='ltr'>(le</span> <span class='ocrx_word' id='word_1_232' title='bbox 415 4019 520 4083; x_wconf 86' lang='lat' dir='ltr'>tranqu.</span> <span class='ocrx_word' id='word_1_233' title='bbox 531 4014 610 4067; x_wconf 85' lang='lat' dir='ltr'>anim.</span> <span class='ocrx_word' id='word_1_234' title='bbox 620 4030 646 4083; x_wconf 94' lang='lat' dir='ltr'>p.</span> <span class='ocrx_word' id='word_1_235' title='bbox 655 4014 706 4066; x_wconf 88' lang='grc'>467</span> <span class='ocrx_word' id='word_1_236' title='bbox 724 4012 759 4066; x_wconf 85' lang='lat' dir='ltr'>B:</span> <span class='ocrx_word' id='word_1_237' title='bbox 778 4002 939 4086; x_wconf 77' lang='grc' dir='ltr'>,,ἆ’τεχνοι.“</span> 
     </span>
    </p>
   </div>
   <div class='ocr_carea' id='block_1_14' title="bbox 167 4125 1304 4283">
    <p class='ocr_par' dir='ltr' id='par_1_14' title="bbox 167 4125 1304 4283">
     <span class='ocr_line' id='line_1_32' title="bbox 239 4125 1304 4205; baseline 0.003 -16"><span class='ocrx_word' id='word_1_238' title='bbox 239 4135 259 4200; x_wconf 83' lang='lat'>²)</span> <span class='ocrx_word' id='word_1_239' title='bbox 279 4135 441 4189; x_wconf 83' lang='lat' dir='ltr'>Graecorum</span> <span class='ocrx_word' id='word_1_240' title='bbox 459 4125 623 4205; x_wconf 77' lang='grc' dir='ltr'>ὀρθοποδεῖν</span> <span class='ocrx_word' id='word_1_241' title='bbox 644 4125 672 4183; x_wconf 80' lang='grc' dir='ltr'>ἐν</span> <span class='ocrx_word' id='word_1_242' title='bbox 692 4129 740 4204; x_wconf 60' lang='grc' dir='ltr'>τῳ·</span> <span class='ocrx_word' id='word_1_243' title='bbox 757 4125 817 4205; x_wconf 80' lang='grc' dir='ltr'><strong>βίῳ.</strong></span> <span class='ocrx_word' id='word_1_244' title='bbox 848 4134 887 4190; x_wconf 84' lang='lat' dir='ltr'>cf.</span> <span class='ocrx_word' id='word_1_245' title='bbox 911 4135 1029 4190; x_wconf 85' lang='lat' dir='ltr'>Turneb.</span> <span class='ocrx_word' id='word_1_246' title='bbox 1048 4136 1117 4191; x_wconf 85' lang='lat' dir='ltr'><strong>Adv.</strong></span> <span class='ocrx_word' id='word_1_247' title='bbox 1142 4134 1304 4203; x_wconf 74' lang='lat' dir='ltr'><strong>xv111‚12.</strong></span> 
     </span>
     <span class='ocr_line' id='line_1_33' title="bbox 167 4227 517 4283; baseline 0.003 -2"><span class='ocrx_word' id='word_1_248' title='bbox 167 4227 229 4282; x_wconf 85' lang='lat' dir='ltr'>Vid.</span> <span class='ocrx_word' id='word_1_249' title='bbox 248 4228 332 4282; x_wconf 90' lang='lat' dir='ltr'>Plum.</span> <span class='ocrx_word' id='word_1_250' title='bbox 350 4245 374 4283; x_wconf 85' lang='lat' dir='ltr'>a.</span> <span class='ocrx_word' id='word_1_251' title='bbox 392 4229 419 4283; x_wconf 91' lang='lat' dir='ltr'>h.</span> <span class='ocrx_word' id='word_1_252' title='bbox 438 4228 455 4282; x_wconf 89' lang='lat' dir='ltr'>l.</span> <span class='ocrx_word' id='word_1_253' title='bbox 514 4265 517 4270; x_wconf 79' lang='lat'><strong>·</strong></span> 
     </span>
    </p>
   </div>
   <div class='ocr_carea' id='block_1_15' title="bbox 0 0 1422 4609">
    <p class='ocr_par' dir='ltr' id='par_1_15' title="bbox 0 0 1422 4609">
     <span class='ocr_line' id='line_1_34' title="bbox 0 0 1422 4609; baseline 0 2"><span class='ocrx_word' id='word_1_254' title='bbox 0 0 1422 4609; x_wconf 95' lang='lat' dir='ltr'> </span> 
     </span>
    </p>
   </div>
  </div>
 </body>
</html>
