2834 4609
696 229 757 290 114

261 470 316 551 ,δέ
338 469 377 535 τά
400 471 456 559 έδιγ
477 472 531 538 καὶ
553 478 748 561 στεφανοῦσι
769 473 846 551 τοδς
867 475 974 551 ναούς,
997 474 1176 558 οἰκοδόμων
1200 468 1304 553 ὄντας

261 605 358 698 ,ἔργα
379 611 433 676 καὶ
453 609 622 693 βαναύσων
644 607 888 701 ἀνθρώπιναι)ιι

261 832 351 914 ,Τῆς
372 826 450 916 περὶ
472 825 549 904 τούς
570 825 670 905 θεούς
692 823 859 913 εὐσεβείας
881 831 953 896 ῖσθι
969 825 1020 896 ὅτι
1040 829 1079 896 τδ
1099 830 1304 920 κυριώτατον

260 960 381 1048 ,ἐκεῖνό
409 965 510 1049 ἐστιν,
538 963 640 1056 ἀρθάς
661 966 850 1055 ὑπολήψεις
879 969 957 1054 περὶ
989 965 1094 1034 αδτιύν
1125 966 1221 1050 ἔχειν,
1254 971 1304 1047 ιύς

259 1098 378 1187 ,ὄντων
402 1107 462 1171 καὶ·
485 1106 689 1171 διοικούντων
717 1104 757 1171 τά
787 1102 847 1171 ὅλα
874 1108 978 1184 καλοῖς
1006 1108 1060 1174 καὶ
1087 1108 1220 1186 δικαίως
1242 1111 1303 1176 καὶ

259 1242 396 1329 ,σαυτὸν
423 1244 472 1322 εἰς
499 1248 595 1309 τοῦτο
622 1247 875 1336 κατατεταιμέναι
903 1248 942 1312 τδ
972 1247 1153 1313 πείθεσθαι
1181 1244 1303 1326 αύτοῖς

257 1386 330 1467 ,καὶ
345 1386 441 1450 εἴκειν
449 1388 530 1449 πᾶσι
543 1390 613 1462 τοῖς
625 1386 805 1470 γενομένοις
817 1388 870 1454 καὶ
879 1384 1066 1453 ἀκολουθεῖν
1078 1386 1201 1470 ἑκόντα,
1214 1388 1263 1465 ὡς
1280 1389 1302 1452 ὑ

256 1522 323 1606 ,,πδ
335 1527 393 1610 τῆς
405 1520 537 1612 ἀρίστης
545 1518 672 1612 γνώμης
683 1523 950 1609 ἐπιτελουμένοις·
962 1522 1046 1591 οὕτω
1057 1525 1116 1615 γάρ
1129 1524 1166 1591 οδ
1175 1528 1302 1615 μέμψῃ

257 1661 358 1744 ,ποτὲ
378 1661 455 1738 τούς
487 1662 604 1742 θεούς,
641 1654 717 1728 ούτε
751 1662 931 1748 έγκαλέσεις
960 1663 1005 1742 ὠς
1041 1660 1299 1748 ἀμελούμενος.“

257 1796 403 1885 ,ζἈλλιος
432 1801 468 1868 δὲ
498 1796 558 1882 ούχ
585 1793 655 1867 οἶόν
680 1824 717 1867 τε
744 1806 840 1867 τοῦτο
867 1803 1049 1887 γίγνεσθαι,
1073 1802 1127 1869 έάν
1146 1804 1193 1891 μή
1215 1797 1302 1893 ἀρῃς

256 1941 342 2024 ,ύπδ
368 1947 432 2007 τοῖν
460 1937 517 2007 ούκ
545 1936 596 2030 ἐφ’
619 1940 771 2029 ἡμῖνκαὶ
794 1939 828 2007 έν
847 1948 918 2019 τοῖς
939 1937 1068 2031 ε’ςάῆμῖν
1088 1943 1208 2026 μόνάις
1228 1949 1302 2032 θῇς

255 2080 312 2163 ,μδ
335 2076 458 2164 ἀγαθδν
478 2080 532 2145 καὶ
553 2079 593 2144 τδ
614 2073 719 2162 καλόν,
742 2078 788 2157 ιῦς
810 2074 847 2144 ἀν
868 2083 904 2165 γέ
924 2103 958 2145 τι
980 2080 1107 2147 ἐκείνοιν
1128 2077 1300 2170 ύπολύβῃς

255 2215 397 2304 ,,ἀγαθδν
426 2212 446 2306 ἦ
472 2218 585 2283 κακόν·
613 2222 704 2283 πάσα
732 2212 870 2305 ἀνάγκη,
894 2212 972 2284 ὅταν
998 2214 1217 2307 ἀποτυγχάνγγς
1247 2212 1298 2285 ὦν

256 2358 384 2440 ,θέλεις
405 2358 459 2424 καὶ
481 2357 664 2446 περιπέσῃς
686 2349 737 2434 οἷς
751 2355 798 2445 μὴ
818 2357 937 2440 θέλεις,
959 2358 1162 2446 μέμψασθαί
1177 2379 1214 2424 σε
1234 2361 1296 2426 καὶ

256 2503 382 2579 ,μισεῖν
415 2494 493 2573 τούς
525 2493 659 2573 αἰτίους.
692 2537 737 2547 -
768 2496 925 2563 Σπένδειν
958 2484 994 2562 δέ
1025 2498 1081 2563 καὶ
1112 2493 1207 2563 θύειν
1234 2499 1294 2564 καὶ

255 2632 479 2725 ,ἀπάρχεςθαι
497 2635 577 2702 κατά
594 2634 634 2700 τά
654 2630 785 2725 πάτρια,
802 2631 951 2701 έκάστοτε
964 2634 1123 2725 προσήκει
1136 2641 1296 2726 καθαρῶς

255 2776 329 2857 ,καὶ
355 2775 401 2863 μή
424 2771 698 2864 ἐπισεσυρμένως,
714 2773 797 2862 μηδὲ
812 2770 951 2858 ἀμελῶς,
977 2775 1061 2863 μιγδέ
1084 2775 1294 2864 γεγλῖσχρως,

254 2914 356 3002 ,μηδὲ
376 2914 461 3003 ὑπὲρ
483 2914 663 2999 δύναμινβ)

255 3119 333 3199 ,Τῴ
366 3112 400 3180 έν
431 3116 479 3198 τῷ
508 3106 620 3197 κύσμιγ
641 3113 678 3178 τδ
700 3113 868 3201 κράτιστον
888 3113 982 3196 τίμα
1004 3109 1074 3179 ἔστι
1101 3113 1137 3180 δὲ
1161 3117 1223 3178 τοῦ
1242 3115 1297 3180 vo*

256 3256 359 3335 ,πᾶσι
381 3246 547 3341 χρώμενον
567 3251 622 3317 καὶ
644 3250 750 3316 πάντα
772 3251 913 3318 διέπον.“
936 3301 945 3317 .
967 3301 975 3316 .
998 3301 1006 3316 .

251 3470 415 3559 ,Προσέτι
451 3468 487 3534 δέ·
516 3466 619 3533 πολλοὶ
645 3469 700 3534 καὶ
729 3474 798 3544 τοῖς
827 3473 921 3544 θεοῖς
948 3469 1081 3557 μέμφεο
1108 3472 1184 3533 θαι·
1207 3467 1228 3554 ἦ
1251 3469 1296 3535 δὲ

253 3611 330 3695 ,τῆς
352 3605 441 3684 ἰδίας
463 3607 608 3685 διανοίας
633 3606 736 3684 αἰδιδς
763 3607 818 3672 καὶ
838 3606 917 3694 τιμῆ
940 3610 1066 3691 σεαυτῷ
1094 3629 1130 3670 τε
1152 3601 1296 3694 ἀρεστόν

218 4064 238 4128 ¹)
256 4063 344 4116 Plut.
362 4063 397 4116 de
413 4076 470 4131 rep.
488 4062 569 4116 θεοῖο.
587 4064 611 4115 6.

216 4181 236 4248 ²)
253 4181 364 4249 Epict„
383 4198 453 4235 man.
471 4185 512 4234 31.
