2834 4609
715 244 757 305 54

635 332 838 348 h—u—-u—-n-

252 487 386 556 Noemet
412 490 501 575 ipsos
530 492 693 573 novimus,
727 513 827 575 quum
857 492 963 575 qualis
991 493 1035 558 ait
1064 497 1171 560 statua
1200 492 1303 562 animi

165 626 270 693 nostri
292 632 362 694 tum
385 628 473 713 quod
494 630 537 696 ad
559 631 737 711 rationem,
760 635 830 696 tum
853 630 941 715 quod
962 631 1006 698 ad
1027 631 1231 698 voluntatem
1253 634 1303 695 at-

164 766 265 850 tinet,
295 767 450 848 sciamns;
479 773 689 855 praeceptum
720 773 842 854 ,γνῶθι
864 762 1002 838 σαυτόν(
1024 790 1084 836 nos
1105 774 1237 838 revocat
1259 767 1304 835 ad

166 925 314 972 recessus
337 905 371 969 in
393 904 543 971 intimum
565 907 719 989 animum,
741 912 779 976 ut
801 912 835 974 et
857 928 1105 994 cognoscamus,
1130 906 1235 992 qualis
1259 907 1304 973 eit

165 1042 302 1108 scientia
323 1048 437 1108 nostra
459 1050 492 1112 et
513 1044 763 1126 meminerimua
787 1045 866 1132 quid
887 1043 1011 1112 factum
1034 1045 1076 1112 sit
1098 1045 1226 1114 anobis
1249 1044 1303 1110 vel

165 1179 244 1245 mali
266 1181 317 1250 vel
338 1180 415 1247 boni
438 1187 536 1270 atque
559 1183 757 1267 deponamus
778 1183 875 1268 vitia,
909 1182 1027 1271 quibus
1049 1182 1160 1249 obruti
1182 1203 1302 1255 sumus.

252 1319 304 1384 Ita
327 1319 458 1403 quidem
482 1321 633 1386 Socrates
660 1321 722 1387 hoc
751 1324 852 1405 γνῶθι
882 1319 1001 1402 σαυτόν
1029 1320 1072 1385 ad
1101 1320 1183 1386 nihil
1212 1319 1304 1386 aliud

164 1455 266 1522 refert
287 1458 348 1523 nisi
372 1458 414 1523 ad
438 1460 654 1543 cognitionem
677 1460 744 1542 sui,
774 1481 859 1544 quae
890 1460 1034 1545 pertinet
1061 1457 1105 1524 ad
1134 1457 1241 1524 morea
1270 1464 1305 1524 et

166 1595 209 1660 ad
231 1596 410 1662 seientiam.

272 1734 419 1815 „Tatoiov
455 1729 495 1821 δή
533 1757 591 1817 μοι
628 1735 779 1824 φαίνεται
814 1740 909 1799 τοῦτο
950 1732 1000 1801 ἔτι
1040 1730 1213 1819 ἀγνοοῦντα
1256 1732 1300 1797 w*

271 1867 442 1961 ,ἀλλότρια
464 1877 609 1942 σκοπεῖν·
632 1867 711 1939 ὅθεν
733 1872 773 1960 δη
795 1872 920 1962 χαίρειν
941 1868 1042 1949 ε’ἀσας
1056 1876 1167 1950 ταῦτα,
1183 1866 1304 1937 πειθό-

271 2034 383 2094 ,μενος
405 2012 441 2078 δὲ
461 2016 508 2098 τῷ
529 2012 727 2096 νομιζομένῳ
750 2011 828 2100 περὶ
850 2007 971 2089 αύιιύν,
1002 2004 1021 2075 ὅ
1042 2015 1097 2075 νῦν
1118 2007 1158 2097 δὴ
1181 2006 1301 2093 ἔλεγον,

269 2154 397 2235 „oxonio
418 2146 457 2218 ού
478 2154 595 2229 τούτο,
619 2145 685 2216 ἀλλ’
708 2143 858 2232 ἐμαυτόν,
881 2150 947 2216 εἴτε
970 2173 1003 2214 τι
1024 2148 1142 2237 θηρίον
1163 2142 1208 2211 ὢν
1228 2169 1303 2231 τογ-

270 2283 374 2369 7,χάνιυ
403 2293 557 2376 Τυφῶνος
583 2282 869 2375 πολυπλοκώτερον
893 2287 947 2354 καὶ
976 2287 1099 2369 μᾶλλον
1121 2284 1303 2366 ἐπιτεθυμ-

216 2447 225 2465 '
270 2427 390 2510 „pirna
413 2428 480 2492 εἴτε
502 2420 707 2515 ἡμερώτερον
728 2426 832 2496 τεκαὶ
851 2421 1071 2514 ἁπλούστερον
1093 2424 1184 2508 ζῶον,
1206 2422 1306 2501 θείας

270 2564 374 2646 „maog
394 2566 448 2634 καὶ
471 2559 599 2654 ἀτύφου
620 2565 740 2655 μοίρας
761 2560 1023 2654 φύσειμετὲχον.
1034 2565 1080 2649 1)“
1111 2602 1155 2618 „-

1293 2656 1306 2681 «

268 2703 418 2785 „Moriar
449 2725 485 2792 γε
520 2708 585 2793 μην
620 2702 762 2771 ἐναντίον
801 2701 861 2790 μὲν
893 2698 956 2789 ἔφη
993 2692 1076 2768 εἶναι
1119 2698 1229 2789 σοφίη.
1262 2721 1303 2764 ου

268 2842 396 2925 ,μέντοι
435 2864 472 2927 γε
504 2841 561 2930 την
598 2834 895 2930 ἀνεπιστημοσύνην
927 2838 1046 2926 μανίαν
1074 2832 1224 2922 ἐνόμιζε,
1261 2833 1302 2902 τό

269 2980 322 3062 „ee
337 2977 462 3065 ἀγνοεῖν
478 2978 661 3047 iomeruca
677 2974 760 3066 ἀμη
775 2971 844 3044 οἶδε
867 2973 1016 3058 δοξάζειν
1031 2999 1068 3041 τε
1089 2977 1144 3041 καὶ
1169 2976 1304 3040 οἴεσθαι

269 3113 467 3205 πγιγνιύσκειν
494 3114 654 3204 ἐγγυτάτω
675 3117 794 3199 μανίας
817 3115 979 3201 ἐλογίζετο
1002 3107 1151 3199 εἷνόιι.ί)“

269 3253 394 3342 ,ξἘοικυι
414 3262 490 3342 γοῦν
515 3253 630 3322 τούτου
656 3260 782 3345 σμικρῷ
802 3278 866 3320 τινι
887 3252 976 3339 αύτῷ
996 3245 1099 3337 τούτῳ
1115 3246 1302 3342 σοφώτερος

269 3389 377 3479 „eirca
401 3395 452 3462 ὅτι
474 3392 496 3461 ἀ
515 3396 562 3483 μη
584 3387 658 3461 οίύοι
681 3392 756 3460 oete
779 3390 891 3476 ὀίομαι
913 3391 1041 3459 εἰδέναι.
1053 3394 1101 3477 3)“
1195 3435 1198 3439 ι

247 3537 394 3602 Persium
428 3534 558 3620 quidem
598 3535 701 3600 satira
735 3539 854 3617 quarta
881 3555 953 3598 eam
991 3530 1208 3616 cognitionem
1238 3529 1299 3609 oui,

162 3698 246 3761 quae
267 3675 432 3760 pertineat
454 3673 497 3739 ad
519 3675 688 3738 scientiam
711 3673 762 3737 vel
783 3672 1004 3756 inscientiam,
1028 3641 1174 3736 omisisse
1198 3662 1299 3735 soloe-

235 3923 354 3990 ¹)Plat.
373 3922 488 3977 Phaedr.
507 3923 660 3992 paean.
680 3938 738 3992 sqq.
785 3948 787 3952 ·
861 3929 896 3984 s

233 4021 254 4085 ²)
272 4019 425 4087 Xenoph.
442 4019 552 4074 Memor.
571 4018 643 4076 ὅσοι.
661 4017 709 4083 ΠΙ,
727 4019 752 4083 9,
770 4018 794 4070 6.
932 4026 940 4039 ’

233 4113 252 4181 ³)
269 4112 352 4166 Plat.
372 4112 451 4182 Apol.
468 4129 494 4180 p.
512 4113 559 4180 213
577 4112 610 4166 cf.
629 4112 742 4167 Seneo.
759 4110 793 4165 de
805 4111 845 4165 ira
857 4111 905 4178 III,
922 4112 969 4179 363
986 4109 1135 4178 Xenoph.
1152 4109 1233 4162 Mem.
1250 4106 1297 4173 IV,

162 4204 187 4271 2,
205 4204 252 4269 243
270 4205 382 4260 Ritter
399 4207 417 4261 l.
435 4223 458 4260 c.
475 4206 510 4273 Π,
528 4207 570 4259 61,
