2834 4609
731 262 773 323 ts

286 504 420 586 „robore
442 506 556 571 autin
578 504 736 586 omnium,
767 527 850 590 quae
877 507 960 573 fiunt
982 527 1131 591 quaeque
1154 506 1319 589 dicuntur,

286 641 418 727 „ordine
456 647 490 707 et
525 641 637 722 modo,
668 644 709 707 1in
744 664 808 727 quo
847 646 933 710 inest
968 643 1130 710 modestia
1166 650 1200 709 et
1237 649 1318 709 tem-

289 780 521 865 „perantia.¹)“

268 942 428 1026 Diogenes
450 943 600 1009 Laertius
623 965 821 1028 quamquam
836 945 918 1011 elias
940 944 1069 1011 virtutis
1086 944 1210 1010 ethicae
1227 944 1318 1009 addit

181 1079 392 1163 partitiones,
429 1084 539 1146 tumen
574 1079 637 1161 illi,
672 1101 771 1164 quam
806 1081 989 1162 attulimus,
1024 1083 1167 1148 omnium
1202 1080 1318 1147 tribuit

182 1237 341 1283 summam
364 1219 602 1283 auctoritatem.

269 1381 390 1448 Seneca
411 1383 446 1447 in
468 1386 535 1447 tres
557 1339 668 1466 partes
691 1380 808 1447 dividit
835 1383 989 1447 virtutem
1014 1382 1225 1462 moralem2),
1257 1382 1314 1448 sed

181 1519 301 1585 retinui
322 1517 510 1606 Chrysippi,
536 1518 701 1584 Posidonii
732 1525 765 1583 et
785 1494 1188 1604 Panaetii-partitionem,
1220 1540 1317 1603 quam

182 1662 361 1740 sequuntur
390 1656 552 1741 Diogenes
589 1656 762 1737 Laertius,
809 1657 921 1723 Cicero
959 1665 992 1724 et
1012 1634 1197 1723 vStobaeus.
1245 1658 1316 1723 Sin·

182 1780 331 1878 gularum
352 1794 510 1859 virtutum
538 1796 775 1860 accuratiorem
805 1794 1055 1878 explicationem
1081 1816 1147 1861 non
1174 1795 1319 1860 invenies

181 1932 243 1997 nisi
259 1908 347 2015 apud
362 1930 554 2012 stobaeum,
577 1931 738 2016 Diogenes
753 1931 904 1997 Laertius
918 1937 1050 2015 praeter
1065 1933 1195 1998 nomina
1217 1932 1321 1998 solius

181 2068 373 2154 prudentiae
382 2069 408 2155 ⁸)
432 2068 652 2136 definitionem
674 2067 779 2151 affert,
802 2089 904 2153 quare
926 2090 1000 2134 eum
1021 2068 1117 2153 plane
1140 2069 1240 2135 omisi.

503 2387 505 2394 ’
531 2416 567 2485 1.
590 2416 667 2485 De
689 2411 957 2499 prudentia.

266 2653 444 2722 Prudentia
467 2652 651 2743 (φρόνησις)
675 2662 725 2722 est
747 2655 883 2721 scientia
904 2654 1071 2736 virtutum,
1094 2654 1245 2719 vitiorum
1268 2675 1319 2719 re·

182 2811 319 2880 rumque
340 2793 530 2861 medlurum.

256 3154 272 3216 ¹)
292 3151 396 3205 Cicer.
415 3150 448 3205 de
466 3149 509 3204 off.
527 3149 548 3215 I,
567 3152 590 3203 ὁ.
608 3149 641 3202 cf.
660 3147 724 3202 ibid.
742 3148 763 3215 l,
783 3149 824 3214 15,
840 3149 887 3215 463
907 3148 985 3202 Tusa
1003 3149 1051 3215 III,
1070 3148 1111 3203 27.
1130 3149 1171 3201 36.

251 3248 272 3317 2)
291 3246 381 3314 „Ergo
399 3261 457 3298 cum
470 3244 606 3312 tripaitita
619 3243 654 3295 sit
668 3240 850 3311 philosophia,
868 3242 995 3295 moralem
1011 3243 1068 3296 eius
1084 3250 1188 3311 partem
1203 3242 1318 3311 primum

289 3339 463 3409 „incipiemus
481 3338 640 3406 disponente
657 3352 737 3405 quam
750 3336 780 3389 iu
792 3336 845 3390 uia
859 3351 952 3390 rursus
967 3335 1049 3390 dividi
1061 3337 1170 3404 placuit,
1189 3343 1218 3389 ut
1230 3337 1319 3404 prima

268 3501 270 3508 Ι
290 3441 379 3512 „esset
392 3433 523 3503 inspectio
536 3448 615 3502 suum
628 3432 724 3501 cuique
738 3430 901 3485 distribuens
915 3437 942 3484 et
954 3430 1107 3496 aestimans,
1126 3437 1226 3499 quanto
1242 3428 1317 3499 quid-

290 3545 359 3597 „que
377 3527 487 3596 dignum
505 3527 548 3593 sit,
565 3527 680 3580 maxime
702 3526 790 3592 utilis;
816 3523 881 3593 quid
899 3525 970 3578 enim
994 3529 1035 3577 est
1059 3532 1113 3578 tam
1138 3524 1316 3578 necessarium
1411 3529 1412 3598 ἐ

289 3637 386 3693 „quem
402 3621 491 3691 pretia
507 3620 587 3674 rebus
609 3619 769 3688 impunem?
784 3603 914 3673 sectutda
939 3618 972 3671 de
997 3618 1160 3682 actionibus,
1181 3619 1261 3671 tertia
1283 3615 1318 3669 de

202 3729 218 3778 i,
272 3719 434 3789 „impeuf‘
451 3716 568 3791 Ep89,
583 3718 622 3770 14.

251 3831 271 3900 ³)
289 3829 329 3884 cf.
346 3828 492 3883 Hubner.
511 3843 535 3882 a
553 3827 579 3880 b.
598 3827 626 3879 l:
647 3826 749 3908 „Recte
767 3823 800 3878 de
818 3817 869 3875 hoc
887 3784 946 3877 loco
961 3773 1093 3892 jndicavit
1111 3824 1252 3877 Beierus
1271 3838 1315 3878 ex·

181 3905 356 3979 curquad
383 3921 448 3977 Cic.
475 3922 509 3976 de
533 3899 773 3986 0ff1‚5,1s;T.
796 3917 817 3971 Ι.
841 3935 867 3987 p
885 3918 949 3971 332:
967 3916 1064 3971 Verbis
1090 3918 1128 3973 1b1
1146 3918 1182 3989 (ξ
1200 3917 1316 3983 etex-t

179 4028 271 4081 tremis
288 4021 337 4096 τὴν
359 4020 424 4077 δὲ
410 4035 500 4077 οικαιο
503 4040 588 4092 seips
607 4020 821 4076 substituendum
839 4020 912 4075 baud
936 4012 1068 4090 dubied:
1092 4026 1123 4075 ut
1146 4020 1246 4089 duplex
1270 4034 1315 4071 ex·

179 4118 304 4173 hibeat'ur
320 4119 480 4189 prudentiae
498 4118 624 4172 delinitio.
643 4117 712 4170 Nam
730 4115 810 4169 tiium
824 4114 987 4183 reliquarum
1000 4115 1128 4169 virtutum
1146 4112 1318 4169 definitiones

181 4212 310 4265 excidisse
328 4194 459 4280 uidentur,
479 4213 559 4267 facile
577 4228 591 4265 e
610 4213 633 4282 ξ.
655 4211 711 4263 126.
731 4208 923 4279 supplendae.“
1089 4201 1091 4208 ’
