<?xml version="1.0" encoding="UTF-8"?>
<!DOCTYPE html PUBLIC "-//W3C//DTD XHTML 1.0 Transitional//EN"
    "http://www.w3.org/TR/xhtml1/DTD/xhtml1-transitional.dtd">
<html xmlns="http://www.w3.org/1999/xhtml" xml:lang="en" lang="en">
 <head>
  <title>
</title>
<meta http-equiv="Content-Type" content="text/html;charset=utf-8" />
  <meta name='ocr-system' content='tesseract 3.04.00' />
  <meta name='ocr-capabilities' content='ocr_page ocr_carea ocr_par ocr_line ocrx_word'/>
</head>
<body>
  <div class='ocr_page' id='page_1' title='image "./derationestoica00knicgoog_0025.png"; bbox 0 0 2834 4609; ppageno 0'>
   <div class='ocr_carea' id='block_1_1' title="bbox 648 254 685 313">
    <p class='ocr_par' dir='ltr' id='par_1_1' title="bbox 648 254 685 313">
     <span class='ocr_line' id='line_1_1' title="bbox 648 254 685 313; baseline 0 0"><span class='ocrx_word' id='word_1_1' title='bbox 648 254 685 313; x_wconf 87' lang='grc'>17</span> 
     </span>
    </p>
   </div>
   <div class='ocr_carea' id='block_1_2' title="bbox 561 340 764 354">
    <p class='ocr_par' dir='ltr' id='par_1_2' title="bbox 561 340 764 354">
     <span class='ocr_line' id='line_1_2' title="bbox 561 340 764 354; baseline -0.005 -1"><span class='ocrx_word' id='word_1_2' title='bbox 561 340 764 354; x_wconf 43' lang='grc' dir='ltr'>*ᾤ-</span> 
     </span>
    </p>
   </div>
   <div class='ocr_carea' id='block_1_3' title="bbox 97 459 1238 1552">
    <p class='ocr_par' dir='ltr' id='par_1_3' title="bbox 97 459 1238 1552">
     <span class='ocr_line' id='line_1_3' title="bbox 167 459 1232 582; baseline -0.002 -18"><span class='ocrx_word' id='word_1_3' title='bbox 167 463 173 474; x_wconf 26' lang='grc' dir='ltr'><em>Ι</em></span> <span class='ocrx_word' id='word_1_4' title='bbox 187 498 304 564; x_wconf 90' lang='lat' dir='ltr'>Primis</span> <span class='ocrx_word' id='word_1_5' title='bbox 327 498 411 563; x_wconf 87' lang='lat' dir='ltr'>enim</span> <span class='ocrx_word' id='word_1_6' title='bbox 433 496 580 564; x_wconf 82' lang='lat' dir='ltr'>versibus</span> <span class='ocrx_word' id='word_1_7' title='bbox 594 497 730 582; x_wconf 85' lang='lat' dir='ltr'>fingitur</span> <span class='ocrx_word' id='word_1_8' title='bbox 744 459 877 579; x_wconf 83' lang='lat' dir='ltr'>iuvenis,</span> <span class='ocrx_word' id='word_1_9' title='bbox 901 497 957 581; x_wconf 92' lang='lat' dir='ltr'>qui</span> <span class='ocrx_word' id='word_1_10' title='bbox 972 496 1087 562; x_wconf 87' lang='lat' dir='ltr'>studiis</span> <span class='ocrx_word' id='word_1_11' title='bbox 1102 497 1232 580; x_wconf 90' lang='lat' dir='ltr'>quidem</span> 
     </span>
     <span class='ocr_line' id='line_1_4' title="bbox 97 634 1232 721; baseline -0.002 -20"><span class='ocrx_word' id='word_1_12' title='bbox 97 636 337 721; x_wconf 84' lang='lat' dir='ltr'>philosophiae,</span> <span class='ocrx_word' id='word_1_13' title='bbox 367 642 405 702; x_wconf 91' lang='lat' dir='ltr'>ut</span> <span class='ocrx_word' id='word_1_14' title='bbox 428 641 498 702; x_wconf 90' lang='lat' dir='ltr'>tum</span> <span class='ocrx_word' id='word_1_15' title='bbox 520 636 676 720; x_wconf 88' lang='lat' dir='ltr'>temporis</span> <span class='ocrx_word' id='word_1_16' title='bbox 699 634 848 701; x_wconf 89' lang='lat' dir='ltr'>solebant</span> <span class='ocrx_word' id='word_1_17' title='bbox 877 655 1002 717; x_wconf 91' lang='lat' dir='ltr'>omnes,</span> <span class='ocrx_word' id='word_1_18' title='bbox 1033 655 1103 701; x_wconf 89' lang='lat' dir='ltr'>sese</span> <span class='ocrx_word' id='word_1_19' title='bbox 1133 634 1232 717; x_wconf 82' lang='lat' dir='ltr'><strong>dedit,</strong></span> 
     </span>
     <span class='ocr_line' id='line_1_5' title="bbox 99 772 1234 860; baseline -0.002 -20"><span class='ocrx_word' id='word_1_20' title='bbox 99 775 158 841; x_wconf 89' lang='lat' dir='ltr'>sed</span> <span class='ocrx_word' id='word_1_21' title='bbox 190 776 345 842; x_wconf 77' lang='lat' dir='ltr'>scientiae</span> <span class='ocrx_word' id='word_1_22' title='bbox 376 774 573 860; x_wconf 80' lang='lat' dir='ltr'>virtutisque</span> <span class='ocrx_word' id='word_1_23' title='bbox 606 796 716 841; x_wconf 92' lang='lat' dir='ltr'>amore</span> <span class='ocrx_word' id='word_1_24' title='bbox 753 795 820 841; x_wconf 88' lang='lat' dir='ltr'>non</span> <span class='ocrx_word' id='word_1_25' title='bbox 851 774 901 839; x_wconf 90' lang='lat' dir='ltr'>ita</span> <span class='ocrx_word' id='word_1_26' title='bbox 932 772 1068 840; x_wconf 86' lang='lat' dir='ltr'>affectus</span> <span class='ocrx_word' id='word_1_27' title='bbox 1100 779 1163 855; x_wconf 86' lang='lat' dir='ltr'>est,</span> <span class='ocrx_word' id='word_1_28' title='bbox 1196 779 1234 839; x_wconf 91' lang='lat' dir='ltr'>ut</span> 
     </span>
     <span class='ocr_line' id='line_1_6' title="bbox 99 910 1234 998; baseline -0.003 -18"><span class='ocrx_word' id='word_1_29' title='bbox 99 914 264 981; x_wconf 87' lang='lat' dir='ltr'>abstinere</span> <span class='ocrx_word' id='word_1_30' title='bbox 284 913 433 998; x_wconf 84' lang='lat' dir='ltr'>possita</span> <span class='ocrx_word' id='word_1_31' title='bbox 461 912 702 998; x_wconf 82' lang='lat' dir='ltr'>voluptatibus,</span> <span class='ocrx_word' id='word_1_32' title='bbox 734 933 815 997; x_wconf 91' lang='lat' dir='ltr'>quas</span> <span class='ocrx_word' id='word_1_33' title='bbox 844 911 1002 997; x_wconf 79' lang='lat' dir='ltr'>praebent</span> <span class='ocrx_word' id='word_1_34' title='bbox 1024 910 1122 978; x_wconf 88' lang='lat' dir='ltr'>Liber</span> <span class='ocrx_word' id='word_1_35' title='bbox 1153 911 1234 977; x_wconf 90' lang='lat' dir='ltr'>deus</span> 
     </span>
     <span class='ocr_line' id='line_1_7' title="bbox 102 1050 1236 1136; baseline -0.002 -19"><span class='ocrx_word' id='word_1_36' title='bbox 102 1055 136 1117; x_wconf 87' lang='lat' dir='ltr'>et</span> <span class='ocrx_word' id='word_1_37' title='bbox 156 1052 275 1119; x_wconf 88' lang='lat' dir='ltr'>Venus.</span> <span class='ocrx_word' id='word_1_38' title='bbox 319 1052 416 1118; x_wconf 90' lang='lat' dir='ltr'>Patet</span> <span class='ocrx_word' id='word_1_39' title='bbox 437 1052 469 1117; x_wconf 91' lang='lat' dir='ltr'>ei</span> <span class='ocrx_word' id='word_1_40' title='bbox 490 1051 533 1117; x_wconf 89' lang='lat' dir='ltr'>ad</span> <span class='ocrx_word' id='word_1_41' title='bbox 555 1051 750 1136; x_wconf 90' lang='lat' dir='ltr'>sapientiam</span> <span class='ocrx_word' id='word_1_42' title='bbox 771 1051 898 1131; x_wconf 88' lang='lat' dir='ltr'>aditus,</span> <span class='ocrx_word' id='word_1_43' title='bbox 928 1050 985 1116; x_wconf 90' lang='lat' dir='ltr'>sed</span> <span class='ocrx_word' id='word_1_44' title='bbox 1006 1050 1118 1117; x_wconf 88' lang='lat' dir='ltr'>labore</span> <span class='ocrx_word' id='word_1_45' title='bbox 1140 1072 1236 1135; x_wconf 91' lang='lat' dir='ltr'>quem</span> 
     </span>
     <span class='ocr_line' id='line_1_8' title="bbox 103 1187 1238 1274; baseline 0.001 -19"><span class='ocrx_word' id='word_1_46' title='bbox 103 1190 260 1274; x_wconf 83' lang='lat' dir='ltr'>suscipiat</span> <span class='ocrx_word' id='word_1_47' title='bbox 273 1210 405 1257; x_wconf 87' lang='lat' dir='ltr'>neeesse</span> <span class='ocrx_word' id='word_1_48' title='bbox 420 1189 521 1256; x_wconf 87' lang='lat' dir='ltr'>estad</span> <span class='ocrx_word' id='word_1_49' title='bbox 534 1210 606 1255; x_wconf 88' lang='lat' dir='ltr'>eam</span> <span class='ocrx_word' id='word_1_50' title='bbox 617 1187 865 1273; x_wconf 82' lang='lat' dir='ltr'>assequendam,</span> <span class='ocrx_word' id='word_1_51' title='bbox 889 1187 1084 1270; x_wconf 80' lang='lat' dir='ltr'>deterretur3</span> <span class='ocrx_word' id='word_1_52' title='bbox 1099 1211 1238 1273; x_wconf 90' lang='lat' dir='ltr'>poenam</span> 
     </span>
     <span class='ocr_line' id='line_1_9' title="bbox 102 1296 1237 1413; baseline 0 -19"><span class='ocrx_word' id='word_1_53' title='bbox 102 1349 301 1413; x_wconf 90' lang='lat' dir='ltr'>quamquam</span> <span class='ocrx_word' id='word_1_54' title='bbox 330 1318 419 1396; x_wconf 70' lang='lat' dir='ltr'>norit</span> <span class='ocrx_word' id='word_1_55' title='bbox 447 1334 634 1410; x_wconf 80' lang='lat' dir='ltr'>uenturam,</span> <span class='ocrx_word' id='word_1_56' title='bbox 664 1296 873 1393; x_wconf 85' lang='lat' dir='ltr'>nihilominus</span> <span class='ocrx_word' id='word_1_57' title='bbox 902 1349 1001 1411; x_wconf 91' lang='lat' dir='ltr'>quum</span> <span class='ocrx_word' id='word_1_58' title='bbox 1031 1349 1096 1393; x_wconf 91' lang='lat' dir='ltr'>nou</span> <span class='ocrx_word' id='word_1_59' title='bbox 1117 1330 1237 1394; x_wconf 49' lang='lat' dir='ltr'>&#39;statim</span> 
     </span>
     <span class='ocr_line' id='line_1_10' title="bbox 103 1464 1238 1552; baseline -0.001 -18"><span class='ocrx_word' id='word_1_60' title='bbox 103 1467 200 1551; x_wconf 88' lang='lat' dir='ltr'>adsit,</span> <span class='ocrx_word' id='word_1_61' title='bbox 222 1488 288 1534; x_wconf 91' lang='lat' dir='ltr'>nou</span> <span class='ocrx_word' id='word_1_62' title='bbox 310 1468 412 1533; x_wconf 84' lang='lat' dir='ltr'>timet.</span> <span class='ocrx_word' id='word_1_63' title='bbox 458 1466 559 1533; x_wconf 88' lang='lat' dir='ltr'>Immo</span> <span class='ocrx_word' id='word_1_64' title='bbox 582 1487 658 1532; x_wconf 81' lang='lat' dir='ltr'>vero</span> <span class='ocrx_word' id='word_1_65' title='bbox 681 1465 744 1532; x_wconf 89' lang='lat' dir='ltr'>sibi</span> <span class='ocrx_word' id='word_1_66' title='bbox 765 1464 957 1550; x_wconf 79' lang='lat' dir='ltr'>persuadet,</span> <span class='ocrx_word' id='word_1_67' title='bbox 988 1466 1117 1544; x_wconf 83' lang='lat' dir='ltr'>divitias</span> <span class='ocrx_word' id='word_1_68' title='bbox 1139 1473 1238 1552; x_wconf 89' lang='lat' dir='ltr'>atque</span> 
     </span>
    </p>
   </div>
   <div class='ocr_carea' id='block_1_4' title="bbox 104 1604 1022 1691">
    <p class='ocr_par' dir='ltr' id='par_1_4' title="bbox 104 1604 1022 1691">
     <span class='ocr_line' id='line_1_11' title="bbox 104 1604 1022 1691; baseline -0.002 -20"><span class='ocrx_word' id='word_1_69' title='bbox 104 1607 285 1672; x_wconf 78' lang='lat' dir='ltr'>stemmatis</span> <span class='ocrx_word' id='word_1_70' title='bbox 308 1606 448 1691; x_wconf 84' lang='lat' dir='ltr'>gloriam</span> <span class='ocrx_word' id='word_1_71' title='bbox 469 1606 550 1672; x_wconf 90' lang='lat' dir='ltr'>satis</span> <span class='ocrx_word' id='word_1_72' title='bbox 571 1626 640 1671; x_wconf 87' lang='lat' dir='ltr'>esso</span> <span class='ocrx_word' id='word_1_73' title='bbox 662 1605 705 1670; x_wconf 89' lang='lat' dir='ltr'>ad</span> <span class='ocrx_word' id='word_1_74' title='bbox 726 1604 822 1671; x_wconf 88' lang='lat' dir='ltr'>beate</span> <span class='ocrx_word' id='word_1_75' title='bbox 843 1605 1022 1671; x_wconf 84' lang='lat' dir='ltr'>vivendum.</span> 
     </span>
    </p>
   </div>
   <div class='ocr_carea' id='block_1_5' title="bbox 107 1769 1305 2967">
    <p class='ocr_par' dir='ltr' id='par_1_5' title="bbox 107 1769 1305 2967">
     <span class='ocr_line' id='line_1_12' title="bbox 191 1769 1239 1855; baseline 0.001 -20"><span class='ocrx_word' id='word_1_76' title='bbox 191 1770 297 1836; x_wconf 86' lang='lat' dir='ltr'>Versu</span> <span class='ocrx_word' id='word_1_77' title='bbox 319 1775 360 1835; x_wconf 86' lang='lat'>88</span> <span class='ocrx_word' id='word_1_78' title='bbox 383 1792 472 1855; x_wconf 88' lang='lat' dir='ltr'>seqq.</span> <span class='ocrx_word' id='word_1_79' title='bbox 494 1773 719 1854; x_wconf 82' lang='lat' dir='ltr'>aegrotantem</span> <span class='ocrx_word' id='word_1_80' title='bbox 741 1769 839 1837; x_wconf 89' lang='lat' dir='ltr'>nobis·</span> <span class='ocrx_word' id='word_1_81' title='bbox 849 1772 1013 1855; x_wconf 89' lang='lat' dir='ltr'>proponit,</span> <span class='ocrx_word' id='word_1_82' title='bbox 1036 1772 1092 1855; x_wconf 89' lang='lat' dir='ltr'>qui</span> <span class='ocrx_word' id='word_1_83' title='bbox 1107 1791 1239 1855; x_wconf 80' lang='lat' dir='ltr'>aegrum</span> 
     </span>
     <span class='ocr_line' id='line_1_13' title="bbox 107 1900 1240 2012; baseline 0.001 -38"><span class='ocrx_word' id='word_1_84' title='bbox 107 1930 141 1974; x_wconf 90' lang='lat' dir='ltr'>se</span> <span class='ocrx_word' id='word_1_85' title='bbox 164 1929 235 1975; x_wconf 89' lang='lat' dir='ltr'>esse</span> <span class='ocrx_word' id='word_1_86' title='bbox 256 1908 338 2012; x_wconf 81' lang='lat' dir='ltr'>bene</span> <span class='ocrx_word' id='word_1_87' title='bbox 354 1900 519 1993; x_wconf 84' lang='lat' dir='ltr'>cognitum</span> <span class='ocrx_word' id='word_1_88' title='bbox 533 1908 632 1975; x_wconf 89' lang='lat' dir='ltr'>habet</span> <span class='ocrx_word' id='word_1_89' title='bbox 646 1909 785 1992; x_wconf 88' lang='lat' dir='ltr'>ideoque</span> <span class='ocrx_word' id='word_1_90' title='bbox 800 1909 956 1974; x_wconf 85' lang='lat' dir='ltr'>auxilium</span> <span class='ocrx_word' id='word_1_91' title='bbox 970 1909 1055 1993; x_wconf 87' lang='lat' dir='ltr'>petit</span> <span class='ocrx_word' id='word_1_92' title='bbox 1070 1931 1090 1974; x_wconf 97' lang='lat' dir='ltr'>a</span> <span class='ocrx_word' id='word_1_93' title='bbox 1104 1908 1240 1990; x_wconf 86' lang='lat' dir='ltr'>medico,</span> 
     </span>
     <span class='ocr_line' id='line_1_14' title="bbox 107 2023 1242 2132; baseline 0 -19"><span class='ocrx_word' id='word_1_94' title='bbox 107 2049 165 2132; x_wconf 92' lang='lat' dir='ltr'>qui</span> <span class='ocrx_word' id='word_1_95' title='bbox 179 2049 382 2132; x_wconf 86' lang='lat' dir='ltr'>requiescere</span> <span class='ocrx_word' id='word_1_96' title='bbox 398 2069 471 2113; x_wconf 88' lang='lat' dir='ltr'>eum</span> <span class='ocrx_word' id='word_1_97' title='bbox 486 2023 645 2132; x_wconf 20' lang='lat' dir='ltr'>neque-iis</span> <span class='ocrx_word' id='word_1_98' title='bbox 660 2046 735 2128; x_wconf 89' lang='lat' dir='ltr'>frui,</span> <span class='ocrx_word' id='word_1_99' title='bbox 758 2068 842 2130; x_wconf 92' lang='lat' dir='ltr'>quae</span> <span class='ocrx_word' id='word_1_100' title='bbox 865 2046 1070 2112; x_wconf 84' lang='lat' dir='ltr'>vehementer</span> <span class='ocrx_word' id='word_1_101' title='bbox 1091 2052 1242 2114; x_wconf 83' lang='lat' dir='ltr'>moveant</span> 
     </span>
     <span class='ocr_line' id='line_1_15' title="bbox 108 2184 1244 2271; baseline 0 -20"><span class='ocrx_word' id='word_1_102' title='bbox 108 2188 308 2271; x_wconf 82' lang='lat' dir='ltr'>sanguinem,</span> <span class='ocrx_word' id='word_1_103' title='bbox 330 2185 430 2253; x_wconf 86' lang='lat' dir='ltr'>iubet.</span> <span class='ocrx_word' id='word_1_104' title='bbox 467 2186 530 2252; x_wconf 87' lang='lat' dir='ltr'>Per</span> <span class='ocrx_word' id='word_1_105' title='bbox 552 2191 619 2250; x_wconf 88' lang='lat' dir='ltr'>tres</span> <span class='ocrx_word' id='word_1_106' title='bbox 642 2185 772 2269; x_wconf 88' lang='lat' dir='ltr'>quidem</span> <span class='ocrx_word' id='word_1_107' title='bbox 795 2185 864 2251; x_wconf 85' lang='lat' dir='ltr'>dies</span> <span class='ocrx_word' id='word_1_108' title='bbox 886 2184 1010 2270; x_wconf 83' lang='lat' dir='ltr'>obligat</span> <span class='ocrx_word' id='word_1_109' title='bbox 1032 2207 1105 2251; x_wconf 90' lang='lat' dir='ltr'>eum</span> <span class='ocrx_word' id='word_1_110' title='bbox 1126 2186 1244 2252; x_wconf 88' lang='lat' dir='ltr'>medici</span> 
     </span>
     <span class='ocr_line' id='line_1_16' title="bbox 109 2324 1305 2412; baseline -0.003 -21"><span class='ocrx_word' id='word_1_111' title='bbox 109 2325 279 2392; x_wconf 91' lang='lat' dir='ltr'>consilium</span> <span class='ocrx_word' id='word_1_112' title='bbox 300 2326 502 2408; x_wconf 87' lang='lat' dir='ltr'>iussumque,</span> <span class='ocrx_word' id='word_1_113' title='bbox 532 2324 590 2391; x_wconf 90' lang='lat' dir='ltr'>sed</span> <span class='ocrx_word' id='word_1_114' title='bbox 612 2325 748 2390; x_wconf 88' lang='lat' dir='ltr'>simulac</span> <span class='ocrx_word' id='word_1_115' title='bbox 761 2382 763 2396; x_wconf 18' lang='grc' dir='ltr'>ἶ</span> <span class='ocrx_word' id='word_1_116' title='bbox 777 2325 974 2409; x_wconf 86' lang='lat' dir='ltr'>compositas</span> <span class='ocrx_word' id='word_1_117' title='bbox 1004 2346 1135 2394; x_wconf 86' lang='lat' dir='ltr'>currere</span> <span class='ocrx_word' id='word_1_118' title='bbox 1156 2324 1246 2390; x_wconf 87' lang='lat' dir='ltr'>videt</span> <span class='ocrx_word' id='word_1_119' title='bbox 1300 2401 1305 2412; x_wconf 12' lang='lat' dir='ltr'>,v</span> 
     </span>
     <span class='ocr_line' id='line_1_17' title="bbox 111 2462 1245 2548; baseline -0.001 -20"><span class='ocrx_word' id='word_1_120' title='bbox 111 2484 219 2545; x_wconf 81' lang='lat' dir='ltr'>venas,</span> <span class='ocrx_word' id='word_1_121' title='bbox 243 2484 326 2547; x_wconf 90' lang='lat' dir='ltr'>quae</span> <span class='ocrx_word' id='word_1_122' title='bbox 349 2468 399 2528; x_wconf 85' lang='lat' dir='ltr'>est</span> <span class='ocrx_word' id='word_1_123' title='bbox 421 2469 557 2529; x_wconf 89' lang='lat' dir='ltr'>naturae</span> <span class='ocrx_word' id='word_1_124' title='bbox 573 2462 735 2544; x_wconf 89' lang='lat' dir='ltr'>debilitas,</span> <span class='ocrx_word' id='word_1_125' title='bbox 758 2485 871 2528; x_wconf 86' lang='lat' dir='ltr'>rursus</span> <span class='ocrx_word' id='word_1_126' title='bbox 893 2462 1008 2528; x_wconf 88' lang='lat' dir='ltr'>incidit</span> <span class='ocrx_word' id='word_1_127' title='bbox 1024 2463 1058 2528; x_wconf 90' lang='lat' dir='ltr'>iu</span> <span class='ocrx_word' id='word_1_128' title='bbox 1072 2463 1245 2548; x_wconf 89' lang='lat' dir='ltr'>pristinum</span> 
     </span>
     <span class='ocr_line' id='line_1_18' title="bbox 111 2602 1245 2687; baseline 0 -20"><span class='ocrx_word' id='word_1_129' title='bbox 111 2607 249 2668; x_wconf 90' lang='lat' dir='ltr'>naturae</span> <span class='ocrx_word' id='word_1_130' title='bbox 277 2623 354 2668; x_wconf 89' lang='lat' dir='ltr'>suae</span> <span class='ocrx_word' id='word_1_131' title='bbox 385 2608 521 2685; x_wconf 90' lang='lat' dir='ltr'>statum;</span> <span class='ocrx_word' id='word_1_132' title='bbox 557 2604 709 2668; x_wconf 88' lang='lat' dir='ltr'>resistere</span> <span class='ocrx_word' id='word_1_133' title='bbox 745 2603 858 2686; x_wconf 90' lang='lat' dir='ltr'>nequit</span> <span class='ocrx_word' id='word_1_134' title='bbox 893 2603 1082 2687; x_wconf 83' lang='lat' dir='ltr'>voluptatis.</span> <span class='ocrx_word' id='word_1_135' title='bbox 1098 2602 1245 2687; x_wconf 90' lang='lat' dir='ltr'>impetui,</span> 
     </span>
     <span class='ocr_line' id='line_1_19' title="bbox 112 2740 1245 2834; baseline -0.001 -27"><span class='ocrx_word' id='word_1_136' title='bbox 112 2742 190 2807; x_wconf 89' lang='lat' dir='ltr'>licet</span> <span class='ocrx_word' id='word_1_137' title='bbox 217 2761 356 2827; x_wconf 89' lang='lat' dir='ltr'>poenam</span> <span class='ocrx_word' id='word_1_138' title='bbox 385 2748 554 2834; x_wconf 73' lang='lat' dir='ltr'>venturam</span> <span class='ocrx_word' id='word_1_139' title='bbox 581 2763 651 2808; x_wconf 88' lang='lat' dir='ltr'>esse</span> <span class='ocrx_word' id='word_1_140' title='bbox 678 2763 739 2827; x_wconf 88' lang='lat' dir='ltr'>pro</span> <span class='ocrx_word' id='word_1_141' title='bbox 768 2745 856 2808; x_wconf 87' lang='lat' dir='ltr'>certo</span> <span class='ocrx_word' id='word_1_142' title='bbox 890 2740 1019 2807; x_wconf 89' lang='lat' dir='ltr'>habeat.</span> <span class='ocrx_word' id='word_1_143' title='bbox 1077 2741 1245 2807; x_wconf 89' lang='lat' dir='ltr'>Postremo</span> 
     </span>
     <span class='ocr_line' id='line_1_20' title="bbox 114 2878 1247 2967; baseline 0 -23"><span class='ocrx_word' id='word_1_144' title='bbox 114 2879 257 2946; x_wconf 82' lang='lat' dir='ltr'>medicus</span> <span class='ocrx_word' id='word_1_145' title='bbox 278 2881 349 2967; x_wconf 90' lang='lat' dir='ltr'>ipse</span> <span class='ocrx_word' id='word_1_146' title='bbox 370 2884 404 2946; x_wconf 87' lang='lat' dir='ltr'>et</span> <span class='ocrx_word' id='word_1_147' title='bbox 426 2880 608 2965; x_wconf 87' lang='lat' dir='ltr'>quicunque</span> <span class='ocrx_word' id='word_1_148' title='bbox 630 2902 704 2947; x_wconf 89' lang='lat' dir='ltr'>eum</span> <span class='ocrx_word' id='word_1_149' title='bbox 726 2884 913 2947; x_wconf 86' lang='lat' dir='ltr'>convertere</span> <span class='ocrx_word' id='word_1_150' title='bbox 928 2880 1013 2959; x_wconf 84' lang='lat' dir='ltr'>vult,</span> <span class='ocrx_word' id='word_1_151' title='bbox 1033 2879 1063 2945; x_wconf 89' lang='lat' dir='ltr'>ei</span> <span class='ocrx_word' id='word_1_152' title='bbox 1091 2878 1247 2945; x_wconf 89' lang='lat' dir='ltr'>molestus</span> 
     </span>
    </p>
   </div>
   <div class='ocr_carea' id='block_1_6' title="bbox 114 3016 1248 3104">
    <p class='ocr_par' dir='ltr' id='par_1_6' title="bbox 114 3016 1248 3104">
     <span class='ocr_line' id='line_1_21' title="bbox 114 3016 1248 3104; baseline 0.001 -24"><span class='ocrx_word' id='word_1_153' title='bbox 114 3016 170 3097; x_wconf 82' lang='lat' dir='ltr'>fit3</span> <span class='ocrx_word' id='word_1_154' title='bbox 192 3040 287 3086; x_wconf 90' lang='lat' dir='ltr'>aures</span> <span class='ocrx_word' id='word_1_155' title='bbox 310 3018 435 3085; x_wconf 86' lang='lat' dir='ltr'>claudit</span> <span class='ocrx_word' id='word_1_156' title='bbox 456 3020 499 3086; x_wconf 89' lang='lat' dir='ltr'>ad</span> <span class='ocrx_word' id='word_1_157' title='bbox 521 3020 659 3087; x_wconf 90' lang='lat' dir='ltr'>consilia</span> <span class='ocrx_word' id='word_1_158' title='bbox 685 3040 797 3098; x_wconf 86' lang='lat' dir='ltr'>eorum</span> <span class='ocrx_word' id='word_1_159' title='bbox 824 3019 881 3104; x_wconf 90' lang='lat' dir='ltr'>qui</span> <span class='ocrx_word' id='word_1_160' title='bbox 909 3019 1024 3084; x_wconf 85' lang='lat' dir='ltr'>melius</span> <span class='ocrx_word' id='word_1_161' title='bbox 1052 3017 1248 3100; x_wconf 82' lang='lat' dir='ltr'>intelligunt,</span> 
     </span>
    </p>
   </div>
   <div class='ocr_carea' id='block_1_7' title="bbox 20 3154 481 3240">
    <p class='ocr_par' dir='ltr' id='par_1_7' title="bbox 20 3154 481 3240">
     <span class='ocr_line' id='line_1_22' title="bbox 20 3154 481 3240; baseline 0.015 -24"><span class='ocrx_word' id='word_1_162' title='bbox 20 3213 22 3216; x_wconf 84' lang='lat'>.</span> <span class='ocrx_word' id='word_1_163' title='bbox 117 3154 196 3240; x_wconf 91' lang='lat' dir='ltr'>quid</span> <span class='ocrx_word' id='word_1_164' title='bbox 218 3157 261 3221; x_wconf 91' lang='lat' dir='ltr'>sit</span> <span class='ocrx_word' id='word_1_165' title='bbox 283 3162 481 3225; x_wconf 83' lang='lat' dir='ltr'>eventurum.</span> 
     </span>
    </p>
   </div>
   <div class='ocr_carea' id='block_1_8' title="bbox 118 3318 1252 3685">
    <p class='ocr_par' dir='ltr' id='par_1_8' title="bbox 118 3318 1252 3685">
     <span class='ocr_line' id='line_1_23' title="bbox 205 3318 1251 3408; baseline 0 -22"><span class='ocrx_word' id='word_1_166' title='bbox 205 3320 360 3405; x_wconf 80' lang='lat' dir='ltr'>Tertium,</span> <span class='ocrx_word' id='word_1_167' title='bbox 383 3323 470 3408; x_wconf 91' lang='lat' dir='ltr'>quod</span> <span class='ocrx_word' id='word_1_168' title='bbox 492 3324 648 3407; x_wconf 81' lang='lat' dir='ltr'>sequitur,</span> <span class='ocrx_word' id='word_1_169' title='bbox 671 3320 852 3405; x_wconf 88' lang='lat' dir='ltr'>exemplum</span> <span class='ocrx_word' id='word_1_170' title='bbox 874 3319 1046 3402; x_wconf 83' lang='lat' dir='ltr'>claudicat,</span> <span class='ocrx_word' id='word_1_171' title='bbox 1069 3319 1098 3386; x_wconf 90' lang='lat' dir='ltr'>si</span> <span class='ocrx_word' id='word_1_172' title='bbox 1120 3318 1251 3403; x_wconf 90' lang='lat' dir='ltr'>quidem</span> 
     </span>
     <span class='ocr_line' id='line_1_24' title="bbox 118 3458 1252 3545; baseline -0.003 -20"><span class='ocrx_word' id='word_1_173' title='bbox 118 3460 167 3525; x_wconf 84' lang='lat' dir='ltr'>vis</span> <span class='ocrx_word' id='word_1_174' title='bbox 188 3464 328 3527; x_wconf 89' lang='lat' dir='ltr'>naturae</span> <span class='ocrx_word' id='word_1_175' title='bbox 350 3460 552 3528; x_wconf 89' lang='lat' dir='ltr'>debilitatem</span> <span class='ocrx_word' id='word_1_176' title='bbox 582 3466 726 3527; x_wconf 90' lang='lat' dir='ltr'>tractare</span> <span class='ocrx_word' id='word_1_177' title='bbox 751 3465 882 3545; x_wconf 88' lang='lat' dir='ltr'>poetam</span> <span class='ocrx_word' id='word_1_178' title='bbox 910 3458 972 3524; x_wconf 91' lang='lat' dir='ltr'>hac</span> <span class='ocrx_word' id='word_1_179' title='bbox 1001 3459 1118 3541; x_wconf 88' lang='lat' dir='ltr'>satira,</span> <span class='ocrx_word' id='word_1_180' title='bbox 1147 3478 1252 3541; x_wconf 87' lang='lat' dir='ltr'>neque</span> 
     </span>
     <span class='ocr_line' id='line_1_25' title="bbox 118 3595 1031 3685; baseline -0.001 -23"><span class='ocrx_word' id='word_1_181' title='bbox 118 3595 160 3663; x_wconf 87' lang='lat' dir='ltr'>ab</span> <span class='ocrx_word' id='word_1_182' title='bbox 182 3599 254 3683; x_wconf 86' lang='lat' dir='ltr'>ipso</span> <span class='ocrx_word' id='word_1_183' title='bbox 276 3597 391 3665; x_wconf 90' lang='lat' dir='ltr'>Iahuio</span> <span class='ocrx_word' id='word_1_184' title='bbox 414 3598 539 3665; x_wconf 90' lang='lat' dir='ltr'>adhoc</span> <span class='ocrx_word' id='word_1_185' title='bbox 561 3603 789 3685; x_wconf 80' lang='lat' dir='ltr'>argumentum</span> <span class='ocrx_word' id='word_1_186' title='bbox 810 3596 949 3664; x_wconf 90' lang='lat' dir='ltr'>relatum</span> <span class='ocrx_word' id='word_1_187' title='bbox 972 3603 1031 3664; x_wconf 87' lang='lat' dir='ltr'>est.</span> 
     </span>
    </p>
   </div>
   <div class='ocr_carea' id='block_1_9' title="bbox 206 3734 1338 3822">
    <p class='ocr_par' dir='ltr' id='par_1_9' title="bbox 206 3734 1338 3822">
     <span class='ocr_line' id='line_1_26' title="bbox 206 3734 1338 3822; baseline -0.005 -19"><span class='ocrx_word' id='word_1_188' title='bbox 206 3736 271 3803; x_wconf 82' lang='lat' dir='ltr'>Sed</span> <span class='ocrx_word' id='word_1_189' title='bbox 302 3736 409 3803; x_wconf 88' lang='lat' dir='ltr'>Iahnii</span> <span class='ocrx_word' id='word_1_190' title='bbox 441 3738 602 3805; x_wconf 87' lang='lat' dir='ltr'>sententia</span> <span class='ocrx_word' id='word_1_191' title='bbox 640 3737 746 3822; x_wconf 84' lang='lat' dir='ltr'>magis</span> <span class='ocrx_word' id='word_1_192' title='bbox 786 3734 970 3803; x_wconf 83' lang='lat' dir='ltr'>confirmari</span> <span class='ocrx_word' id='word_1_193' title='bbox 1007 3734 1136 3802; x_wconf 81' lang='lat' dir='ltr'>videtur</span> <span class='ocrx_word' id='word_1_194' title='bbox 1172 3755 1253 3800; x_wconf 87' lang='lat' dir='ltr'>vers.</span> <span class='ocrx_word' id='word_1_195' title='bbox 1336 3801 1338 3808; x_wconf 8' lang='grc' dir='ltr'>,Ἴ</span> 
     </span>
    </p>
   </div>
   <div class='ocr_carea' id='block_1_10' title="bbox 20 3832 367 3970">
    <p class='ocr_par' dir='ltr' id='par_1_10' title="bbox 20 3832 367 3970">
     <span class='ocr_line' id='line_1_27' title="bbox 20 3832 367 3970; baseline 0.012 -33"><span class='ocrx_word' id='word_1_196' title='bbox 20 3832 25 3836; x_wconf 88' lang='lat'><em>-</em></span> <span class='ocrx_word' id='word_1_197' title='bbox 121 3877 161 3937; x_wconf 82' lang='lat'>52</span> <span class='ocrx_word' id='word_1_198' title='bbox 185 3895 278 3960; x_wconf 89' lang='lat' dir='ltr'>seqq:</span> <span class='ocrx_word' id='word_1_199' title='bbox 361 3953 367 3970; x_wconf 37' lang='grc' dir='ltr'><em>Ι</em></span> 
     </span>
    </p>
   </div>
   <div class='ocr_carea' id='block_1_11' title="bbox 229 4054 1146 4143">
    <p class='ocr_par' dir='ltr' id='par_1_11' title="bbox 229 4054 1146 4143">
     <span class='ocr_line' id='line_1_28' title="bbox 229 4054 1146 4143; baseline -0.005 -20"><span class='ocrx_word' id='word_1_200' title='bbox 229 4056 344 4140; x_wconf 88' lang='lat' dir='ltr'>„Haud</span> <span class='ocrx_word' id='word_1_201' title='bbox 365 4055 427 4124; x_wconf 88' lang='lat' dir='ltr'>tibi</span> <span class='ocrx_word' id='word_1_202' title='bbox 447 4059 652 4143; x_wconf 88' lang='lat' dir='ltr'>inexpertum</span> <span class='ocrx_word' id='word_1_203' title='bbox 674 4077 789 4122; x_wconf 82' lang='lat' dir='ltr'>curvos</span> <span class='ocrx_word' id='word_1_204' title='bbox 812 4054 1010 4140; x_wconf 86' lang='lat' dir='ltr'>deprendere</span> <span class='ocrx_word' id='word_1_205' title='bbox 1031 4074 1146 4119; x_wconf 88' lang='lat' dir='ltr'>mores.</span> 
     </span>
    </p>
   </div>
   <div class='ocr_carea' id='block_1_12' title="bbox 231 4192 1104 4348">
    <p class='ocr_par' dir='ltr' id='par_1_12' title="bbox 231 4192 1104 4348">
     <span class='ocr_line' id='line_1_29' title="bbox 231 4192 1104 4348; baseline -0.006 -86"><span class='ocrx_word' id='word_1_206' title='bbox 231 4195 403 4281; x_wconf 86' lang='lat' dir='ltr'>„Quaeque</span> <span class='ocrx_word' id='word_1_207' title='bbox 425 4197 520 4263; x_wconf 87' lang='lat' dir='ltr'>docet</span> <span class='ocrx_word' id='word_1_208' title='bbox 542 4197 671 4281; x_wconf 86' lang='lat' dir='ltr'>sapiens</span> <span class='ocrx_word' id='word_1_209' title='bbox 693 4194 855 4261; x_wconf 85' lang='lat' dir='ltr'>braccatis</span> <span class='ocrx_word' id='word_1_210' title='bbox 877 4194 962 4259; x_wconf 89' lang='lat' dir='ltr'>illita</span> <span class='ocrx_word' id='word_1_211' title='bbox 984 4192 1104 4348; x_wconf 79' lang='lat' dir='ltr'>Medis2</span> 
     </span>
    </p>
   </div>
   <div class='ocr_carea' id='block_1_13' title="bbox 0 0 1454 4609">
    <p class='ocr_par' dir='ltr' id='par_1_13' title="bbox 0 0 1454 4609">
     <span class='ocr_line' id='line_1_30' title="bbox 0 0 1454 4609; baseline 0 0"><span class='ocrx_word' id='word_1_212' title='bbox 0 0 1454 4609; x_wconf 95' lang='lat' dir='ltr'> </span> 
     </span>
    </p>
   </div>
  </div>
 </body>
</html>
