2834 4609
680 255 720 313 65

239 503 471 584 „Censoremve
493 508 584 568 tuum
608 502 659 568 vel
682 502 770 590 quod
792 501 941 568 trabeate
965 501 1113 567 salutas?

237 642 308 724 „Ad
329 642 485 726 populum
508 632 700 727 phaleras!“
711 643 737 726 1)

118 782 253 847 Verum
280 780 400 847 bonum
434 781 505 846 sola
523 737 740 865 ,philosophia
774 777 894 859 affert,
925 799 1025 867 quum
1053 799 1112 843 nos
1141 777 1269 843 adsit·

120 925 237 985 tutem
260 919 359 985 dunat
381 924 414 985 et
437 920 646 1004 sapientiam
669 919 804 985 divitiae
824 917 958 982 beatum
979 921 1012 982 te
1028 938 1093 982 non
1115 910 1269 995 reddunt3

119 1057 420 1145 itaquedivitibus
442 1054 573 1123 mininie
594 1063 627 1125 te
649 1055 924 1165 invideredecet:

241 1224 364 1305 „Disce
387 1243 447 1288 neo
468 1223 622 1304 invideas,
647 1222 735 1306 quod
757 1221 862 1286 multa
884 1219 994 1285 fidelia
1015 1225 1109 1304 putet

242 1362 298 1442 „In
319 1360 482 1446 locuplete
504 1383 599 1445 penu,
623 1359 764 1426 defensis
785 1358 961 1446 pinguibus
984 1356 1124 1439 Umbris,

244 1499 303 1580 „Et
325 1501 419 1585 piper
441 1506 474 1565 et
495 1521 630 1584 pernae,
654 1500 756 1564 Marsi
779 1500 989 1563 monumenta
1011 1496 1149 1575 clientis,

245 1638 422 1722 „Menaque
444 1638 532 1722 quod
553 1639 659 1722 prima
685 1636 830 1703 nondum
860 1635 1017 1702 defecerit
1045 1656 1153 1701 orca.
1178 1685 1185 1700 .
1211 1686 1218 1700 .
1243 1641 1271 1700 .“

240 1775 298 1841 Et:

246 1916 324 1996 „Hic
348 1937 407 2000 ego
430 1936 561 1980 securus
584 1916 671 1999 vulgi
694 1922 727 1980 et
750 1914 829 1998 quid
851 1918 1026 1999 praeparet
1048 1918 1160 1978 auster

246 2053 380 2135 „Infelix
402 2054 521 2138 pecori,
545 2074 678 2119 securus
701 2058 734 2118 et
756 2053 894 2136 angulus
916 2052 972 2117 ille

247 2191 371 2272 „Vicini
393 2196 505 2257 nostro
526 2192 603 2275 quia
625 2191 786 2276 pinguior,
810 2191 872 2255 etsi
894 2190 975 2256 adeo
999 2212 1110 2256 omnes

248 2330 435 2411 „Ditesoant
457 2331 521 2395 orti
543 2327 718 2414 peioribus,
741 2350 842 2413 usque
865 2349 1011 2394 recusem

249 2468 391 2548 „Curvus
413 2466 454 2533 ob
477 2467 511 2532 id
531 2468 633 2532 minui
647 2468 755 2548 senio,
778 2473 836 2532 aut
858 2488 995 2533 coenare
1018 2468 1086 2532 sina
1109 2472 1217 2549 unuin,

250 2607 310 2687 „Et
332 2607 459 2690 signum
481 2607 516 2703 in
537 2603 656 2689 vapida
677 2627 757 2672 naso
780 2606 926 2689 tetigisse
949 2606 1133 2691 lagena.²)“

227 2770 317 2852 Esse,
341 2772 398 2853 qui
420 2771 622 2855 voluptatem
643 2768 787 2836 habeant
810 2792 970 2836 summum
997 2771 1118 2837 bonum
1142 2791 1277 2854 eamque

137 2910 245 2976 solam
268 2915 462 2993 sequantur,
490 2909 547 2975 sed
581 2932 615 2975 se
643 2911 774 2989 minime
808 2909 860 2974 his
892 2909 1044 2974 assentiri
1080 2907 1159 2973 dicit
1187 2908 1277 2973 satir.

138 3046 198 3127 IV,
222 3068 249 3110 v.
278 3052 315 3111 17
340 3067 410 3130 sqq.
422 3047 448 3133 3)
471 3047 645 3112 Nummum
668 3047 803 3113 denotat
824 3047 987 3112 dolosum:

252 3184 359 3265 „Quid
382 3186 410 3250 si
431 3184 538 3250 dolosi
561 3207 635 3270 spes
656 3184 819 3270 refulgeat
840 3185 972 3248 nummi.
982 3185 1030 3268 ⁴)“

251 3322 346 3404 „Viso
370 3323 398 3389 si
419 3323 533 3409 palles,
556 3322 713 3413 improbe,
737 3324 935 3408 nummo.⁵)“

220 3645 238 3709 ¹)
257 3642 312 3697 Sat.
330 3642 379 3709 111,
397 3641 431 3696 24
449 3656 507 3711 sqq.

216 3738 237 3803 ²)
256 3735 323 3790 Ibid.
340 3736 388 3803 ΙΠ,
406 3738 439 3791 73
457 3750 530 3805 sqq.;
547 3736 593 3803 Vl,
613 3736 645 3789 12
663 3751 721 3805 sqq.

217 3830 418 3900 tffipffl

213 3928 236 3991 ⁴)
261 3924 332 3979 Prol.
352 3916 392 3979 12.
438 3911 440 3914 ’

216 4023 238 4087 ⁶)
257 4020 335 4075 Satin
353 4020 405 4087 Ν,
433 4024 468 4074 47
475 4038 482 4088 3
510 4020 544 4074 of.
570 4020 606 4088 V,
635 4023 683 4073 111
714 4035 772 4090 sqq.
817 4021 858 4075 De
886 4020 986 4075 divitiis
1011 4023 1035 4075 si
1063 4037 1218 4092 comparare
1244 4021 1285 4074 vis

90 4124 93 4133 ’
146 4128 216 4185 quae
233 4114 332 4169 habeat
349 4114 494 4183 Seneca,
516 4114 625 4169 evolvas
645 4129 686 4184 ep.
705 4117 753 4182 87,
779 4118 823 4184 153
842 4115 875 4169 de
892 4133 966 4184 prov.
984 4116 1017 4183 V,
1035 4116 1067 4183 23
1091 4116 1125 4168 de
1152 4118 1197 4169 vit.
1216 4116 1285 4170 beat.

144 4211 188 4277 24,
207 4212 236 4280 55
255 4210 296 4277 21,
315 4213 346 4279 4,
365 4210 407 4277 22,
425 4213 455 4277 33
472 4210 515 4277 22,
533 4214 557 4265 4.

1131 4303 1147 4350 ὃ
