2834 4609
739 230 778 290 16

189 496 298 559 posse3
321 495 421 558 quare
444 473 605 540 hominem
628 473 748 540 bonum
764 476 1008 561 sapientemque
1024 475 1094 542 fieri
1109 499 1176 543 non
1193 478 1342 562 agendo,

191 611 248 678 sed
271 634 318 694 eo,
342 612 429 696 quod
453 614 553 678 sciret
576 614 805 696 cognitumque
827 613 973 696 haberet,
997 614 1076 699 quid
1098 614 1219 681 bonum
1234 621 1341 695 esset,

192 750 271 835 quid
285 751 417 815 malum.
436 751 701 816 Praetermittere
718 752 804 816 enim
819 773 884 818 non
899 774 995 836 posse
1010 752 1156 819 homines
1171 753 1344 820 docebant

193 888 303 970 Stoici,
323 890 401 972 quin
412 910 495 973 quae
503 888 799 983 bonahonestaque
808 884 1051 972 intellexissent,
1069 896 1297 974 sequerentur.
1311 894 1340 977 ¹)
1397 857 1398 916 l

281 1029 370 1108 Quae
399 1027 439 1093 de
471 1029 592 1093 virtute
627 1027 855 1111 disseruimus,
888 1028 994 1094 lucem
1020 1029 1185 1114 quandam
1214 1029 1340 1096 afferre

192 1169 271 1234 mihi
294 1168 443 1234 videntur
466 1165 509 1232 ad
531 1166 777 1251 dijudicandum
807 1168 925 1231 tertiae
948 1169 1070 1233 satirae
1093 1176 1335 1253 argumentum.

194 1309 346 1388 Quamvis
370 1308 456 1373 enim
477 1277 583 1372 multa
604 1328 625 1372 a
646 1307 724 1371 viris
747 1307 851 1372 doctis
866 1306 909 1371 ad
923 1307 1150 1390 investiganda
1173 1330 1221 1389 ea,
1245 1329 1334 1392 quae

191 1448 382 1514 tractaverit
404 1447 464 1511 hac
487 1446 589 1512 satira
619 1450 731 1530 poeta,
770 1446 891 1512 collata
918 1447 997 1527 sint,
1031 1450 1141 1512 tamen
1171 1413 1334 1534 summam
1397 1531 1398 1538 ἵ

193 1587 295 1653 Persii
316 1586 475 1650 rationem
498 1584 605 1650 adhuc
627 1585 661 1649 in
683 1584 821 1650 obscuro
837 1607 908 1651 esse
924 1585 1075 1650 arbitror.
1099 1585 1246 1668 Longum
1270 1591 1333 1667 est,

88 1778 89 1781 η
193 1725 334 1789 omnium
364 1725 578 1809 interpretum
603 1724 795 1803 sententias,
826 1744 924 1807 quum
946 1725 980 1788 in
1009 1723 1094 1789 idem
1123 1723 1190 1790 fere
1219 1745 1332 1790 omnes

192 1863 336 1945 redeant,
358 1862 509 1943 laudare3
533 1862 649 1927 afferre
671 1863 750 1928 mihi
765 1863 872 1943 liceat,
896 1884 979 1948 quae
994 1862 1108 1930 Iahnio
1131 1865 1330 1949 placuerint:

299 2002 448 2087 ,Scripta
470 2024 545 2069 vero
569 2007 618 2067 est
634 2002 714 2067 haec
732 2003 833 2067 satira
850 2002 889 2068 de
905 2002 945 2067 iis
959 2001 1153 2084 hominibus,
1178 2006 1233 2088 qui
1257 2025 1331 2069 cum

300 2141 523 2226 „philosophia
552 2143 726 2225 magistra,
757 2163 840 2226 quae
870 2142 939 2207 sola
967 2142 1011 2206 ad
1038 2146 1127 2207 recte
1157 2142 1330 2208 vivendum

300 2281 403 2361 „viam
432 2285 593 2346 monstrat
626 2302 665 2345 ac
693 2281 818 2359 munit,
855 2281 1020 2363 cognitum
1053 2279 1212 2360 habeant,
1251 2281 1330 2363 quid

300 2418 437 2500 „bonum
460 2421 519 2502 sit,
548 2419 626 2504 quid
647 2440 801 2504 pravum,
828 2424 954 2500 tamen,
984 2439 1067 2502 quae
1099 2425 1148 2482 est
1169 2418 1330 2482 humanae

300 2564 455 2639 ,naturae
478 2557 639 2641 debilitas,
663 2558 819 2642 optimam
835 2557 951 2624 ducem
966 2559 1057 2641 sequi
1078 2578 1141 2623 non
1159 2558 1328 2636 sustinent,

299 2701 351 2779 „ct
378 2695 459 2762 bene
487 2696 623 2778 conscii,
653 2695 732 2779 quid
754 2694 961 2780 delinquant,
989 2694 1191 2781 perditorum
1220 2701 1328 2758 tamen

300 2836 500 2921 ,exemplum
513 2837 697 2917 imitantur,
721 2836 777 2919 qui
794 2835 868 2901 inde
888 2842 999 2902 tamen
1014 2839 1220 2915 excusantur,
1244 2833 1327 2917 quod

300 2977 476 3058 „nesciunt
499 2975 577 3060 quid
599 2976 768 3060 perdant.“
781 2976 807 3059 2)
863 2991 872 3009 s

170 3112 172 3116 ’
239 3173 241 3176 ,
280 3115 343 3182 Sed
364 3117 426 3182 hoc
448 3122 674 3199 argumentum
696 3138 801 3200 neque
824 3118 869 3197 ei,
898 3138 996 3199 quam
1019 3116 1149 3180 Persius
1173 3115 1325 3199 sequitur,

190 3256 310 3322 rationi
333 3275 509 3322 consonare
531 3254 611 3320 mihi
632 3255 771 3336 videtur,
789 3276 902 3339 ,neque
933 3275 1042 3321 omnes
1066 3235 1186 3319 satirae
1216 3274 1323 3317 versus

193 3394 373 3479 complecti.
420 3395 454 3460 Si
476 3394 607 3479 quidem
630 3394 741 3461 oculos
763 3416 829 3459 non
858 3395 1001 3459 intendis
1030 3395 1064 3457 in
1092 3391 1325 3477 philosophiam

193 3532 352 3614 Stoicam,
390 3534 511 3617 optime
545 3532 709 3617 quadrare
742 3533 893 3597 videntur
929 3533 1094 3597 hominum
1127 3531 1324 3616 perditorum

193 3673 358 3758 exempla,
396 3692 480 3755 quae
517 3672 643 3756 profert
679 3677 794 3755 poeta,
833 3671 876 3737 ad
907 3668 1181 3754 comprobandam
1219 3669 1324 3734 Jahnii

192 3812 396 3877 sententiam.

528 4004 602 4012 ...a—-

268 4120 283 4181 ¹)
303 4115 343 4169 cf.
362 4116 478 4169 Cicero
496 4115 529 4167 de
547 4115 599 4182 leg.
619 4115 639 4180 I,
658 4115 700 4187 23,
720 4116 760 4169 60.

264 4209 284 4276 ²)
302 4208 332 4261 L.
353 4227 373 4264 c.
391 4228 416 4279 p.
437 4210 492 4263 121.
