2834 4609
129 1501 286 1615 Stoicum
316 1529 415 1595 luisse
445 1530 591 1595 Persium
622 1534 754 1613 poetam
782 1534 919 1613 apparet
945 1530 1015 1590 tum
1043 1547 1082 1590 ex
1103 1525 1172 1589 vita
1194 1525 1263 1590 eius

128 1689 212 1751 quae
237 1668 371 1752 extat1),
394 1672 464 1731 tum
487 1688 527 1731 ex
550 1672 610 1731 sat.
635 1666 672 1730 V.
696 1687 791 1731 versu
823 1669 873 1746 64,
905 1686 968 1748 quo
998 1666 1067 1748 ipse
1098 1662 1263 1729 Cleanthis

128 1806 265 1889 vestigia
288 1827 322 1870 se
345 1806 502 1888 pressisse
526 1788 682 1869 declarat.
705 1803 819 1886 Neque
842 1801 948 1868 obiter
969 1808 1098 1868 tantum
1112 1802 1264 1885 perlectis

129 1944 233 2008 Persii
266 1944 375 2009 satiris
407 1964 601 2026 quemquam
629 1940 760 2024 effugiet
790 1962 862 2005 cum
897 1941 983 2005 inter
1011 1940 1107 2005 huius
1136 1940 1264 2005 scholae

129 2081 338 2166 philosophos
361 2104 430 2148 esse
444 2080 645 2147 habendum.
683 2081 790 2160 Quare
813 2082 882 2163 ejus
907 2081 1024 2145 satiras
1046 2100 1179 2164 prorsus
1201 2101 1265 2144 nou

129 2220 302 2303 intelliges,
326 2221 388 2285 nisi
411 2219 558 2285 adhibita
580 2242 706 2303 semper
728 2220 855 2284 ratione
880 2219 998 2298 Stoica,
1021 2219 1145 2302 virique
1169 2218 1266 2298 docti,

132 2360 246 2442 quiin
269 2359 470 2443 explicandis
493 2360 539 2423 eis
551 2359 671 2423 versati
694 2363 779 2439 sunt,
803 2356 859 2422 nbi
873 2358 1056 2423 Stoicorum
1079 2357 1267 2440 dogmatum

133 2497 257 2581 aliquid
279 2498 409 2581 poetica
430 2498 557 2562 ratione
579 2496 754 2581 profertur,
778 2497 915 2580 legentis
939 2495 1049 2562 oculos
1072 2496 1106 2560 in
1129 2496 1267 2560 Zenonis

133 2634 371 2719 philosophiam
394 2635 562 2700 intendere
584 2657 649 2700 nou
665 2636 852 2701 omiserunt.
939 2637 941 2640 ’

218 2775 286 2841 Nec
308 2780 418 2840 tamen
432 2776 609 2883 ‘universae
631 2776 735 2840 Persii
761 2775 900 2840 rationis
922 2774 1128 2858 investigatio
1151 2773 1269 2839 hucus-

133 2935 196 2997 que
219 2889 372 2980 instituta
400 2918 466 2996 est,
498 2936 557 2979 nec
587 2913 799 2979 diiudicatum
830 2913 949 2998 ubique
973 2913 1082 2995 rideo,
1106 2919 1268 2996 quatenus

135 3052 228 3116 anxie
252 3051 381 3118 scholae
403 3053 522 3118 veteris
545 3052 695 3118 doctores
718 3057 874 3136 sequutus
897 3054 948 3134 sit,
973 3052 1090 3135 quidve
1113 3052 1193 3135 ipse,
1217 3052 1267 3116 vel

136 3208 219 3272 quae
242 3195 311 3255 tum
333 3192 488 3275 temporis
510 3190 640 3275 vigebat
658 3191 744 3257 ra'tio
768 3191 943 3274 cogitandi,
967 3192 1041 3257 novi
1063 3189 1213 3256 intulerit
1234 3191 1268 3255 in
1342 3195 1344 3200 ’

136 3329 205 3393 eius
228 3328 474 3412 philosophiam.
505 3329 618 3409 'Quam
640 3330 931 3413 investigationem,
954 3329 982 3394 si
1004 3330 1083 3414 quid
1104 3352 1163 3414 per
1185 3331 1269 3396 vires

135 3471 168 3530 et
198 3472 340 3532 aetatem
373 3468 408 3532 in
442 3468 616 3533 tractando
654 3467 884 3534 obscurissimo
919 3470 1138 3535 Romanorum
1171 3474 1270 3554 poeta

135 3604 291 3688 proficere
314 3627 456 3690 possum,
479 3628 543 3672 non
565 3606 714 3672 inutilem
737 3605 806 3672 fore
822 3628 926 3692 spero,
949 3609 1068 3693 quippe
1085 3629 1168 3692 quae
1182 3607 1271 3672 haud

134 3763 240 3825 pauca
263 3745 410 3810 conferat
432 3752 502 3811 tum
525 3746 568 3811 ad
589 3747 694 3811 Persii
716 3745 948 3813 obscuritatem
969 3769 1120 3832 magnam
1143 3751 1270 3831 partem

136 3902 153 3945 e
169 3882 376 3966 philosophia
391 3887 498 3949 ortam
513 3884 705 3967 tollendam,
728 3890 798 3950 tum
813 3885 856 3952 ad
867 3886 1027 3969 judicium
1042 3885 1270 3969 proferendum

136 4047 173 4056 ..-
481 4050 548 4062 μ...-

211 4134 227 4202 ¹)
245 4134 335 4188 Pers.
354 4136 407 4191 Sat.
427 4136 467 4190 ed.
485 4114 581 4191 Johi.
600 4155 625 4206 p.
643 4138 707 4208 2333
726 4138 766 4192 ed.
785 4138 954 4191 Heinrich
973 4155 997 4206 p.
1015 4139 1063 4203 483
1082 4136 1271 4190 Achoiutre

136 4228 202 4296 prol.
219 4246 246 4298 p.
267 4232 305 4282 14.

1102 4321 1115 4368 l
