2834 4609
729 183 770 244 22

183 433 270 495 stare
278 434 304 511 ,“
335 448 377 498 ns
397 428 496 497 lineat
517 427 639 512 faeere,
667 427 756 516 qnod
782 433 871 502 reete
891 449 952 498 nos
973 428 1118 502 facturos
1139 449 1205 500 non
1227 435 1335 497 certo

183 566 351 633 sciamus.“

268 770 366 839 Multi
387 770 518 857 quidem
538 771 736 857 interpretes
758 768 920 838 tollendos
942 790 1011 837 esse
1025 774 1224 856 putaverunt
1237 772 1333 840 duos

183 931 224 977 ex
250 909 302 977 his
332 913 473 993 quatuor
500 908 662 992 versibus,
698 929 798 993 quum
824 906 910 975 idem
939 908 1155 994 exprimerent
1183 910 1331 977 mutatis

183 1047 261 1114 solis
283 1045 406 1128 verbis,
437 1046 494 1114 sed
515 1047 551 1114 id
574 1053 739 1133 spectasse
760 1046 840 1113 mihi
865 1046 993 1115 videtur
1014 1047 1163 1128 Persius,
1192 1053 1232 1113 ut
1261 1069 1330 1114 nec

183 1183 262 1270 qnid
277 1188 364 1251 esset
378 1185 494 1268 ratio,
508 1206 568 1251 nee
585 1185 664 1270 quid
674 1189 832 1269 natura,
848 1186 883 1252 in
896 1183 994 1252 dubio
1006 1206 1076 1253 esse
1089 1190 1201 1270 posset·
1210 1185 1328 1270 legen·

181 1320 279 1389 tibus.
301 1322 404 1388 Poeta
423 1323 525 1408 igitur
545 1343 611 1390 non
633 1324 738 1391 solnm
759 1327 913 1390 naturam
934 1323 1040 1409 legem
1063 1344 1221 1390 summam
1237 1344 1323 1406 esse,

183 1481 201 1525 e
225 1458 408 1528 Stoicorum
430 1459 579 1530 deonna
608 1462 764 1546 sumpsit,
795 1460 853 1532 sed
882 1461 982 1529 etiam
1010 1466 1161 1530 naturam
1191 1461 1325 1528 siesse

181 1598 342 1666 rationem
369 1617 409 1664 ex
439 1598 548 1666 satiris
578 1603 716 1667 constat.
767 1600 1036 1685 Repugnsturum
1063 1598 1216 1684 sibiipsi
1243 1600 1327 1670 Per·

184 1736 267 1802 sium
305 1735 422 1819 finisse,
461 1737 490 1804 si
526 1737 629 1806 satira
666 1737 782 1823 quinta
816 1742 968 1806 naturam
1004 1757 1076 1810 esse
1112 1736 1324 1823 sequendam,

1383 1835 1385 1886 l

183 1878 298 1941 eontra
325 1875 429 1942 satira
459 1876 559 1944 tertia
587 1880 739 1944 naturam
767 1896 837 1943 esse
862 1875 1070 1946 reiieiendam
1097 1875 1248 1958 dixisset,
1283 1876 1323 1947 iu
1383 1901 1386 1968 χ

182 2016 298 2099 aperte
320 2018 379 2080 est.

268 2217 406 2286 Jahnius
429 2218 570 2304 quidem,
593 2239 693 2303 quum
714 2222 866 2285 naturam
888 2218 1063 2286 humanam
1085 2216 1224 2285 debilem
1246 2240 1319 2286 esse

182 2356 285 2439 diest,
315 2357 415 2424 aliam
437 2356 600 2443 significat
620 2362 787 2438 naturam,
821 2377 919 2441 quam
941 2377 1026 2443 qnae
1048 2357 1230 2426 Stoicorum
1252 2340 1319 2440 est3

180 2494 216 2562 in
248 2494 356 2561 anime
389 2492 490 2562 habet
521 2495 738 2578 voluntatem,
776 2516 875 2580 quam
914 2494 958 2561 ad
991 2495 1133 2580 pessima
1170 2515 1317 2581 quaeque

179 2654 318 2721 pronam
335 2653 405 2700 esse
420 2632 516 2701 docet
531 2633 645 2719 religio
662 2633 858 2715 Christiana,
882 2653 982 2718 quum
996 2632 1147 2700 libidines
1168 2631 1317 2700 effeetus·

181 2793 244 2858 qne
271 2775 407 2858 peceato
436 2770 586 2862 originali
621 2775 811 2857 perpetrato
840 2776 968 2838 tantam
995 2772 1061 2837 vim
1088 2770 1247 2852 habeant,
1280 2777 1317 2836 ut

179 2910 294 2992 homo,
324 2909 472 2993 quamvis
494 2909 592 2991 scint,
622 2908 701 2993 quid
731 2907 914 2976 faciendum
942 2909 999 2991 sit,
1028 2913 1139 2976 tamen
1164 2909 1316 2976 virtutem

181 3048 273 3135 sequi
294 3052 445 3133 nequeat.

265 3237 356 3305 Haec
378 3242 428 3305 est
450 3236 710 3305 Christianorum
737 3241 858 3304 natura
885 3236 1044 3318 humans,
1073 3256 1158 3322 quae
1186 3235 1314 3321 quidem

181 3375 299 3445 Stoicis
327 3379 401 3442 eret
426 3375 552 3462 ignote,
582 3396 682 3460 quum
710 3375 810 3442 animi
836 3374 972 3443 affectus
1001 3394 1067 3441 non
1096 3373 1140 3442 ad
1165 3379 1313 3441 naturam

140 3585 141 3588 ,
180 3514 319 3584 debilem
339 3512 552 3600 fragilemque
566 3510 743 3580 humanam
757 3513 928 3597 referrent,
951 3512 1008 3580 sed
1030 3516 1180 3580 eontra
1201 3519 1314 3622 natu·

179 3676 262 3722 ram
285 3674 355 3744 esse
377 3652 531 3720 dicerent.
578 3651 760 3721 Stoicorum
782 3656 901 3718 natura
927 3657 978 3720 est
1006 3651 1108 3736 ratio,
1137 3671 1242 3737 neque
1263 3650 1314 3717 de-

178 3793 264 3877 bilis,
287 3791 346 3862 sed
366 3790 489 3860 reetrix
510 3791 613 3859 totius
635 3789 914 3857 vitaehumanae.

338 3981 492 4064 ,Omnem
514 3981 601 4048 enim
622 3983 775 4046 naturam
796 3997 928 4047 neeesse
950 3980 1017 4063 eet,
1050 3996 1136 4064 quae
1157 3998 1224 4049 non
1245 3979 1314 4048 soli·

160 4097 164 4102 *
287 4120 393 4201 ,teria
415 4120 585 4203 sitneque
607 4117 761 4203 simplex,
794 4117 852 4185 sed
881 4137 955 4186 eum
983 4117 1049 4186 alio
1075 4117 1189 4188 iuncte
1218 4122 1313 4204 atque
