2834 4609
651 270 857 376 Δ...

248 535 252 542 ’
273 520 342 586 Nec
363 521 497 602 mirum,
528 519 616 605 quod
637 521 738 586 telem
759 520 921 587 hominem
950 518 1093 585 levitatis
1120 517 1335 583 inscientiae-

189 677 251 741 que
272 678 394 742 poenas
416 660 495 724 dare
518 680 614 743 quam
637 659 856 725 severissimas
877 661 976 742 poeta
998 653 1157 723 ostendit:

294 820 473 908 ,Turgidus
495 821 549 888 hic
572 822 674 908 epulis
697 827 796 907 atque
819 821 893 888 albo
915 826 1027 887 ventre
1048 819 1187 900 lavatur,

296 958 454 1042 „Gutture
476 958 636 1027 sullirreas
658 960 746 1027 lente
769 959 941 1026 exhalante
963 955 1103 1039 mefites3

195 1101 201 1110 '
296 1096 378 1179 ,Sed
399 1101 522 1164 tremor
543 1099 630 1165 inter
651 1098 728 1164 vina
750 1096 847 1179 subit,
870 1095 1075 1181 calidumque
1097 1091 1248 1162 trientem

296 1234 446 1318 „Excutit
467 1253 485 1302 e
506 1235 665 1318 menibus,
687 1235 802 1303 dentes
826 1255 979 1321 crepuere
1000 1235 1126 1315 retecti,

238 1391 241 1396 “
298 1373 423 1455 „Uncta
446 1373 569 1441 cadunt
590 1374 674 1441 laxis
697 1378 776 1439 tunc
798 1373 1016 1459 pulmentaria
1037 1369 1148 1438 labris.

296 1512 398 1595 ,Hinc
419 1512 510 1595 tuba,
534 1512 697 1594 candelae,
721 1510 917 1596 tandemque
939 1509 1089 1578 beatulos
1110 1509 1178 1575 alto

296 1650 521 1737 „Compasitus
542 1651 627 1717 lecte
651 1651 832 1734 crassisque
854 1649 979 1716 lutatus
1001 1621 1138 1716 amomis

299 1789 355 1873 ,Iu
376 1796 506 1876 portam
527 1787 651 1873 rigidas
673 1788 779 1855 calces
801 1787 962 1854 extendit:
986 1787 1136 1853 stillum

209 1975 211 1982 -
297 1928 470 2011 „Hesterni
493 1928 600 2012 capite
621 1926 737 1993 induto
759 1925 887 1993 subiere
910 1927 1117 2010 Quirites.¹)“

278 2089 425 2159 Tertium
449 2089 566 2158 deinde
589 2092 771 2176 exemplum
795 2091 983 2175 gravissimo
1000 2092 1190 2173 argumento
1214 2083 1333 2153 confir-

190 2235 260 2296 mat
282 2230 477 2296 sententiam
499 2235 653 2295 nostram.
677 2229 767 2295 Nihil
789 2229 874 2296 enim
896 2225 950 2294 hic
972 2225 1116 2294 invenies
1135 2224 1174 2291 de
1189 2229 1330 2290 naturae

192 2362 370 2448 debilitate,
392 2367 473 2433 nihil
496 2367 536 2434 de
558 2366 702 2449 homine,
727 2367 783 2450 qui
805 2373 1003 2452 compertum
1027 2351 1089 2431 sibi
1110 2364 1226 2445 habet,
1250 2362 1330 2447 quid

191 2506 235 2571 sit
256 2504 449 2587 laciendum,
474 2495 553 2589 quid
575 2475 776 2586 evitandum
799 2525 864 2572 non
886 2506 995 2588 agitur
1017 2502 1080 2568 nisi
1102 2502 1142 2569 de
1158 2499 1346 2567 inscientia

190 2641 330 2709 hominis
352 2639 455 2709 levius
477 2641 518 2711 de
540 2643 643 2729 ipsius
665 2644 765 2709 animi
788 2647 879 2709 statu
896 2641 1074 2725 judicantis
1097 2659 1195 2725 qnam
1217 2660 1331 2705 uerum
1399 2655 1400 2658 ’

191 2775 420 2867 philosophum
436 2776 558 2863 deceat,
582 2781 639 2865 qui
653 2782 807 2846 virtutem
822 2779 916 2864 sequi
931 2797 1001 2846 1111
1017 2779 1177 2864 opinetur,
1193 2773 1332 2858 nescius,

193 2917 273 3005 quid
294 2933 410 2987 111111·
429 2917 473 2986 sit
492 2920 597 2986 uirtus
620 2923 653 2985 et
675 2917 836 3002 quomodo
859 2935 931 2984 eam
953 2921 1157 3001 assequatur.

301 3085 445 3168 „Tange,
475 3084 590 3166 miser,
613 3099 712 3149 venas
735 3087 768 3148 et
789 3101 874 3167 pone
895 3082 930 3147 in
951 3087 1083 3166 pectore
1106 3076 1263 3145 dextram.
1286 3116 1331 3126 -

299 3189 372 3305 ,Nil
388 3222 472 3321 calet
486 3217 549 3288 hic.
561 3262 606 3272 —
618 3221 829 3306 Summcsque
844 3220 944 3306 pedes
959 3219 1084 3304 attinge
1098 3232 1332 3299 111111111-
1399 3261 1400 3264 ,

301 3361 392 3444 ,Non
413 3360 599 3446 frigent-
622 3361 666 3445 ²)“

266 3503 268 3508 ⁴
280 3500 450 3566 Attamen:

300 3638 434 3724 „Alges,
457 3655 556 3722 quum
578 3638 720 3702 excussit
741 3634 894 3702 membris
916 3635 1014 3700 timor
1036 3632 1130 3699 albus
1153 3631 1285 3711 aristas3

301 3776 413 3858 „Nunc
434 3776 506 3841 face
529 3775 697 3859 supposita
721 3773 871 3839 fervescit
894 3773 1025 3855 sanguis
1049 3777 1082 3836 et
1104 3773 1154 3837 ira

268 4130 287 4189 ¹)
306 4145 330 4180 v.
349 4127 475 4179 98-106.

265 4231 286 4299 ²)
303 4248 327 4282 v.
348 4234 397 4284 107
414 4245 487 4298 seqq.
