2834 4609
717 289 754 348 12

281 538 389 623 „Haec
411 559 483 605 mea
505 543 590 619 sunt,
613 542 719 621 teneo,
742 560 843 622 quum
866 559 940 605 vere
963 537 1093 618 dixeris,
1116 543 1187 604 esto

281 676 459 762 „Liberque
481 697 520 742 ac
543 677 719 762 sapiens,
742 676 947 762 praetoribus
964 698 1002 742 ac
1024 676 1099 741 Iove
1120 676 1268 742 dextro.“

261 841 332 907 Hoc
354 842 426 907 loco
449 842 627 925 sapientem
650 863 716 907 non
739 847 780 906 >ut
802 845 863 906 sat.
894 841 958 922 lII,
989 844 1029 905 66
1053 861 1125 926 sqq.
1148 862 1221 906 eum
1245 862 1324 907 esse

176 980 320 1060 exhibet,
356 981 412 1064 qui
438 979 574 1044 scientia
600 1002 710 1045 rerum
746 979 961 1044 huma-narum
996 978 1243 1063 divinarumque
1274 981 1322 1046 sit
1395 991 1396 1006 ¹

175 1117 359 1202 praeditus,
384 1118 441 1184 sed
464 1140 557 1199 eum,
577 1119 632 1202 qui
654 1122 829 1202 praecepta
851 1118 988 1183 moralia
1017 1123 1182 1201 sequatur.
1229 1118 1319 1198 Quid

177 1256 262 1321 enim
293 1256 382 1321 aliud
413 1261 462 1322 est
489 1263 603 1322 notare
630 1256 728 1338 illud,
765 1277 849 1340 quae
878 1255 1043 1339 sequenda
1070 1257 1136 1321 sint
1166 1278 1318 1341 quaeque

179 1393 331 1459 evitanda
346 1394 495 1484 vicissim,
519 1395 601 1459 haec
617 1393 766 1475 carbone,
787 1394 846 1459 illa
861 1400 961 1476 creta,
985 1416 1082 1478 quam
1097 1416 1193 1460 nosse
1209 1393 1318 1461 officia

178 1533 374 1616 virtutisque
389 1533 585 1617 praecepta?
610 1532 695 1610 Quid
711 1524 809 1613 aliud,
834 1554 902 1598 esse
918 1509 1079 1598 modicum
1102 1533 1178 1615 voti,
1201 1555 1316 1617 presso

179 1673 264 1752 lare,
289 1671 415 1736 dulcem
438 1670 565 1752 amicis,
589 1672 770 1754 astringere
792 1691 877 1735 nunc
900 1672 1063 1754 granaria,
1086 1693 1171 1737 nunc
1193 1673 1316 1753 laxare,

160 1823 342 1876 'nummum
372 1811 405 1874 in
432 1809 502 1875 luto
533 1808 632 1873 fixum
662 1830 757 1892 posse
787 1809 1030 1890 transcendere,
1063 1831 1159 1893 quam
1190 1832 1317 1876 summa

177 1953 353 2033 praecepta
374 1947 512 2013 moralia
535 1948 649 2031 sequi?
673 1947 735 2025 Qui
758 1948 859 2032 igitur
880 1949 1034 2012 virtutem
1058 1949 1218 2033 sequitur,
1243 1970 1316 2014 eum

176 2090 355 2171 sapientem
378 2087 524 2151 nominat
546 2091 652 2170 poeta.
689 2085 796 2164 Quare
819 2086 922 2150 virtus
945 2091 994 2150 est
1017 2087 1187 2169 sapientia,
1211 2107 1314 2170 neque

176 2200 240 2266 alio
277 2198 373 2265 modo
416 2198 459 2263 ad
496 2197 692 2283 sapientiam
723 2196 834 2262 accedi
871 2203 996 2281 potest,
1034 2198 1098 2262 uisi
1134 2204 1311 2283 praecepta

176 2312 307 2377 virtutis
331 2308 553 2376 observantur.

262 2474 357 2539 Multi
388 2474 518 2558 quidem
547 2474 829 2559 philosophorum,
869 2475 924 2557 qui
960 2480 1117 2540 vocantur
1147 2475 1311 2555 Socratici,

176 2634 334 2678 summum
371 2613 432 2679 hoc
468 2617 662 2697 receperunt
699 2611 832 2694 dogma,
876 2614 1046 2691 virtutem,
1094 2634 1193 2696 quum
1230 2618 1312 2678 esset

176 2752 357 2836 sapientia,
382 2772 452 2816 esse
483 2751 651 2815 scientiam
673 2748 751 2816 boni
774 2755 875 2835 atque
897 2752 995 2830 recti;
1020 2750 1076 2816 sed
1105 2757 1180 2817 ante
1207 2751 1311 2816 omnia

178 2890 278 2957 Stoici
301 2890 334 2954 in
358 2889 465 2954 ethica
487 2877 547 2953 hoc
570 2889 659 2953 velut
680 2889 820 2972 primum
844 2866 1067 2973 summumque
1090 2889 1252 2972 tenebant,
1275 2896 1310 2955 ut

179 3030 335 3094 virtutem
357 3033 516 3113 ponerent
545 3028 579 3093 in
608 3029 801 3108 scientia3
830 3050 930 3114 quare
957 3029 1091 3095 doceri
1120 3050 1215 3113 posse
1244 3050 1310 3094 eam

180 3167 433 3246 contendebant3
450 3168 548 3233 immo
565 3167 719 3251 singulae,
737 3187 819 3250 quae
836 3173 1011 3232 cernuntur
1026 3169 1141 3233 invita
1155 3167 1310 3232 communi

177 3307 314 3372 virtutes
337 3305 548 3389 appellabant
571 3306 722 3370 scientias
744 3343 789 3353 —
811 3300 1036 3391 ἐπιστήμαςλ)

436 3467 444 3489 t
505 3465 515 3488 ἱ
533 3461 548 3490 ἴ
664 3469 669 3490 r
765 3467 773 3490 t
825 3466 834 3488 t
892 3464 902 3487 ἱ
971 3469 979 3488 ἱ
1081 3470 1088 3492 u
1181 3466 1187 3489 1
1285 3465 1290 3487 1

278 3468 463 3556 „Atticurge
485 3468 505 3534 d
517 3492 599 3535 error
623 3469 716 3556 (layo)
739 3467 775 3533 de
795 3492 853 3555 την
881 3473 1011 3557 opsequ)
1037 3495 1091 3536 και
1114 3474 1309 3559 Χρυσιππος

281 3628 382 3697 »φησι
403 3607 458 3673 καὶ
481 3602 653 3694 Κλεάνθης
675 3607 729 3673 καὶ
749 3602 897 3671 Ἑκάτων.
925 3603 976 3672 ὅτι
1007 3607 1042 3673 δὲ
1065 3603 1196 3697 διδακτή
1219 3606 1308 3687 ἐστιν,

282 3747 398 3836 „erlov
419 3744 455 3814 ἐκ
475 3750 534 3813 τοῦ
554 3746 722 3831 γίγνεσθαι
744 3741 891 3829 ἀγαθοὺς
912 3743 1032 3812 ἐκτῶν
1054 3742 1249 3834 poticam)

210 4083 216 4100 ‘
257 4106 274 4168 ¹)
295 4102 334 4158 of.
354 4103 436 4158 stoa
455 4103 501 4157 eo.
520 4103 554 4170 11,
573 4121 598 4172 p.
618 4105 666 4156 111
686 4115 743 4171 sqq.

251 4226 273 4289 ²)
291 4224 381 4293 Diog.
400 4224 490 4279 Laert.
509 4223 568 4279 VII·
586 4225 626 4277 91.
