2834 4609
655 235 777 334 “64

800 326 861 335 -ο-

277 482 405 549 Persius
426 499 492 545 non
514 478 655 545 dilucide
677 479 822 566 quidem,
845 477 924 566 quid
946 479 986 542 de
1008 479 1059 544 his
1082 478 1218 543 diversis
1242 478 1325 544 Stoi·

190 640 300 687 corum
322 619 492 684 sententiis
514 616 575 681 sibi
598 618 811 700 assumpserit
832 615 974 695 indicet,
998 622 1219 682 verumtamen
1242 618 1326 700 cogi-

189 756 281 822 toudi
303 757 374 822 eius
389 755 429 821 de
446 754 497 820 his
512 753 608 820 rebus
630 756 791 821 rationem
813 776 853 823 ex
873 756 985 820 satiris
1007 755 1124 820 elicere
1144 775 1326 838 possumus.

279 895 411 960 Minime
434 894 587 969 assentiri
615 914 689 961 eum
711 892 912 965 multitudini
935 893 1067 981 eiusque
1089 891 1207 958 studiis
1228 900 1329 980 atque

191 1033 230 1098 de
260 1032 353 1099 bonis
382 1031 540 1119 malisque
570 1031 667 1097 rebus
690 1031 815 1115 judicio
851 1032 957 1101 elucet
985 1052 1025 1097 ex
1053 1012 1173 1097 satirae
1202 1031 1330 1115 primae

190 1170 338 1237 exordio:

295 1309 342 1389 „0
360 1329 455 1376 cures
478 1310 653 1389 hominum,
677 1330 696 1375 o
721 1315 876 1397 quantum
900 1315 950 1375 est
971 1309 1005 1375 in
1028 1309 1125 1376 rebus
1148 1309 1287 1374 menel‘

191 1446 417 1519 Ooseubouns:

294 1585 480 1655 „Habemus
502 1588 611 1672 igitur,
635 1607 700 1675 que
721 1587 761 1653 de
777 1607 811 1652 re
827 1588 870 1653 sit
885 1586 1045 1653 dicturus:
1070 1606 1123 1652 ree
1144 1585 1332 1651 mundanos

293 1731 347 1804 „et
369 1745 464 1789 cures
494 1725 675 1803 hominnm3
707 1732 741 1789 et
770 1725 910 1813 quidde
937 1725 1003 1790 illis
1026 1724 1186 1790 dicturus:
1211 1745 1332 1807 nempe

293 1864 491 1945 „venitatem
514 1865 645 1929 illorum
669 1871 718 1930 est
741 1864 1053 1931 demonstraturus.“

277 2002 450 2068 Preeclnre
477 2003 705 2087 perstrinxisse
734 2004 812 2069 mihi
851 2002 978 2070 videtur
1007 2004 1137 2067 Persius
1164 2003 1224 2068 hoc
1262 2024 1329 2067 uno

190 2160 285 2205 versu
309 2140 417 2206 studio
439 2140 682 2224 Epicureorum,
706 2144 811 2230 quiin
835 2144 905 2226 ipso
928 2141 1082 2207 debonis
1105 2142 1155 2206 sel
1177 2142 1218 2205 de
1241 2163 1331 2206 sum-

188 2298 241 2343 mo
264 2277 349 2343 bono
367 2277 490 2363 judicio
513 2281 652 2345 maxime
676 2301 748 2345 cum
772 2280 889 2345 Stoicis
912 2279 1148 2356 dissentirent„

275 2416 425 2497 Divitiae,
449 2439 534 2504 quse
556 2419 652 2503 vulgo
676 2439 802 2484 summe
823 2418 909 2484 bons
931 2419 1109 2499 habentur,
1133 2419 1175 2484 ad
1198 2419 1328 2502 sepien-

189 2564 252 2620 tem
284 2577 349 2622 non
376 2557 423 2621 ite
451 2557 633 2641 pertinent,
663 2565 701 2622 ut
729 2559 771 2623 ed
800 2558 1036 2642 comparanda-s
1063 2556 1326 2643 colligendasque

189 2713 245 2758 ens
266 2694 371 2760 multa
399 2715 499 2780 opere
521 2697 564 2762 sit
585 2697 744 2762 novanda.
754 2700 778 2780 ¹)
810 2697 932 2761 Aurum
956 2696 1149 2784 divitiasque
1172 2696 1281 2779 sperni
1307 2718 1326 2760 e
1416 2761 1417 2786 χ

189 2832 266 2912 dein,
289 2833 400 2920 itique
415 2834 457 2899 ab
471 2835 655 2901 hominibus
678 2856 805 2923 qnoque
821 2857 886 2899 uon
902 2854 971 2900 esse
987 2835 1174 2919 expetendo
1189 2832 1289 2898 iubet.
1299 2818 1332 2915 Ἴ

274 2971 431 3038 Pheleroe
477 2974 562 3039 enirn
606 2982 682 3038 srmt
711 2980 781 3041 tum
814 2975 946 3040 divitiae
974 2981 1043 3037 tum
1067 2972 1186 3055 gloria.
1224 2992 1323 3058 quom

186 3115 383 3192 pepererunt
404 3112 544 3195 majores
565 3118 770 3197 posterorum
791 3114 959 3178 inertium:

384 3289 429 3298 --
452 3249 536 3329 „Seu
558 3272 634 3316 rure
656 3256 793 3336 paterno

291 3387 370 3468 „Est
392 3388 453 3453 tibi
475 3387 526 3453 fer
547 3388 720 3470 modicum,
735 3411 853 3474 purum
876 3397 909 3454 et
930 3390 998 3455 sine
1021 3389 1093 3455 labe
1117 3389 1257 3456 solinum
1281 3430 1325 3439 -

274 3525 397 3608 ·„Quid
418 3528 567 3591 metues?
590 3529 838 3617 -cultrixque
860 3528 923 3595 foci
947 3549 1061 3595 secura
1083 3527 1216 3612 patella.

291 3664 381 3744 „an
405 3666 508 3729 satis?
530 3687 572 3730 en
595 3666 709 3733 deceat
731 3668 915 3751 pulmonem
938 3688 1088 3752 rumpere
1102 3668 1222 3746 sentis,

291 3802 491 3884 „Stemmote
514 3804 600 3891 quod
622 3805 728 3871 Tusco
751 3826 878 3899 romum
899 3806 1071 3872 millesime
1094 3806 1194 3873 ducis.

193 4134 195 4137 .
260 4078 278 4143 Ι)
295 4078 373 4135 Sailr.
391 4080 425 4144 ll,
443 4081 552 4131 64-68.

256 4175 275 4239 ²)
293 4172 371 4224 Satin
392 4174 424 4237 ll,
444 4178 475 4225 71
495 4189 568 4240 seqq.
