2834 4609
632 232 672 294 79

93 477 227 561 annique
247 481 430 561 tempmum
452 476 698 544 mutationibus.
743 476 955 562 Pythagorei,
977 477 1163 545 Academici
1185 485 1219 546 et

93 611 188 681 Stoici
214 610 418 701 posteriores
439 616 578 683 multum
603 615 820 682 versabantur
846 614 984 681 inlatis
1012 615 1219 701 explorandis

91 774 107 820 e
127 753 267 821 siderum
288 761 380 822 motu
401 760 500 842 atque
522 754 786 823 constellatione:

187 928 399 1011 „Posidonius
440 929 568 998 Stoicus
603 928 743 996 multum
780 928 978 1015 astrologiae
1014 929 1153 997 deditus.
1174 970 1218 980 —

189 1069 400 1150 „Posidonius
434 1069 485 1136 vel
518 1066 656 1154 quilibet
685 1067 837 1135 fatalium
866 1066 1009 1135 siderum
1044 1074 1218 1135 assertor.“

189 1206 402 1289 „Posidonius
423 1228 561 1292 magnus
576 1206 761 1290 astrologus
780 1205 930 1291 idemque
944 1205 1219 1292 philosophus.¹)“

172 1371 353 1455 Panaetius
371 1371 502 1456 quidem
522 1393 606 1438 unus
628 1393 646 1438 e
670 1371 787 1438 Stoicis
808 1370 890 1437 nihil
919 1369 1127 1438 tribuendum
1149 1392 1219 1438 esse

88 1509 281 1594 cacologiae
303 1508 464 1576 censebat.
474 1511 500 1596 a)
545 1510 727 1578 Stoicorum
749 1531 833 1595 quae
859 1509 959 1577 fuerit
988 1509 1029 1577 de
1059 1509 1219 1578 sideribus

89 1650 256 1732 sententia,
278 1650 421 1716 invenies
443 1648 531 1734 apud
553 1648 785 1735 Ciceronem.⁸)

170 1813 274 1880 Persii
289 1820 398 1882 aetate
413 1816 550 1881 maxime
568 1813 707 1882 florebat
718 1814 906 1899 astrologia,
923 1834 1006 1900 quae
1022 1835 1062 1881 ex
1073 1816 1219 1902 Aegypto

14 2044 15 2051 ἵ
88 1969 159 2017 cum
179 1951 277 2019 Isidis
300 1953 502 2037 aliorumque
525 1954 659 2020 deorum
682 1953 773 2020 cultu
795 1953 910 2020 Italiae
933 1940 1006 2019 erat
1025 1954 1130 2021 illata.
1139 1957 1168 2040 ⁴)

172 2116 237 2186 Sed
260 2119 395 2185 satiram
417 2118 456 2185 V.
480 2119 535 2204 (45
553 2121 638 2204 sqq.)
655 2140 755 2204 quum
773 2121 957 2188 accuratius
979 2120 1220 2187 consideremus

13 2282 15 2367 .
91 2256 356 2343 conferamusque
379 2279 452 2325 cum
474 2257 529 2325 VI.
553 2259 638 2345 (18):

13 2374 14 2377 Ἴ
191 2396 383 2483 „Discrepet
404 2396 456 2463 his
478 2398 578 2464 alius:
601 2397 755 2485 geminos,
776 2398 965 2485 horoscope,
987 2420 1066 2465 varo

191 2536 368 2618 „Pnoducis
390 2537 515 2627 genio,“

90 2681 235 2742 secutum
257 2695 327 2742 esse
348 2681 479 2761 poetam
501 2697 550 2760 ea,
572 2697 656 2761 quae
672 2676 774 2744 Stoici
796 2675 837 2743 de
852 2675 921 2743 lato
931 2675 1134 2760 judicabant,
1156 2697 1221 2743 non

90 2810 261 2896 habemus,
283 2815 371 2899 quod
398 2837 459 2900 pro
487 2820 577 2883 certo
603 2814 808 2882 affirmemus.
853 2815 1012 2901 Tetigissc
1041 2836 1115 2882 eum
1138 2815 1222 2884 Stoi·

13 2922 14 2929 *
91 2968 201 3018 corum
223 2951 263 3018 de
284 2951 352 3020 lato
375 2955 570 3020 sententiam
598 2958 737 3039 apparet
763 2952 908 3037 quidem,
939 2951 997 3018 sed
1025 2973 1103 3019 num
1136 2973 1222 3019 oom-
1274 3018 1292 3025 ἢ

91 3090 287 3174 probaverit,
311 3114 351 3158 ex
371 3092 460 3158 hisce
481 3092 627 3159 versibus
647 3092 746 3178 plane
768 3091 945 3159 diiudicare
960 3112 1025 3158 non
1038 3113 1220 3177 possumus.

175 3229 417 3296 Usitatissimae
437 3236 532 3297 erant
554 3236 626 3297 tum
639 3231 762 3298 Romae
784 3229 845 3297 hae
866 3249 976 3312 voces3
998 3230 1103 3298 Parca
1116 3270 1161 3281 —
1174 3230 1222 3298 fa·

91 3371 160 3433 tum
174 3407 219 3419 -
240 3368 347 3437 sidera
364 3369 400 3435 in
413 3369 555 3437 omnium
569 3390 625 3437 ore
642 3376 738 3438 erant
755 3390 860 3454 neque
879 3390 919 3436 aa
936 3367 977 3435 de
996 3389 1095 3437 causa
1116 3369 1222 3436 fatum

162 3708 182 3775 ¹)
198 3710 371 3778 Angustia.
389 3710 424 3764 de
441 3710 511 3764 civit
528 3710 561 3764 D.
579 3709 612 3775 V,
629 3710 646 3763 2
663 3715 691 3762 et
707 3710 732 3764 ὅ.

160 3803 181 3870 ²)
199 3801 239 3858 Ol.
258 3803 361 3858 Cicer.
378 3803 413 3859 de
429 3803 482 3859 div.
499 3804 521 3871 1,
539 3803 679 3873 a;11,42‚
697 3805 739 3857 88.

159 3896 529 3967 bfflmnmmffi
612 3920 615 3928 ·

159 3991 182 4061 ⁴)
199 3991 239 4047 ef.
256 3993 449 4061 Mommsen,
468 3993 545 4048 Rom.
563 3993 724 4048 Geschichte
739 3993 787 4060 111,
805 3994 855 4048 ooo
873 4008 946 4063 sqq.;
962 3992 1047 4048 Cato
1064 3993 1098 4048 de
1112 4007 1142 4048 re
1156 3997 1222 4047 rust

92 4095 121 4164 ὃς
139 4094 205 4150 Val.
222 4095 305 4152 Max.
323 4096 344 4165 1,
361 4099 387 4164 3,
404 4097 435 4166 23
453 4097 540 4151 Plut.
564 4097 643 4151 Mar.
660 4096 708 4166 423
733 4096 828 4151 Sulla
845 4099 896 4167 ‚873
914 4097 1018 4152 Tacit.
1043 4114 1086 4152 an.
1103 4096 1150 4164 VI,
1175 4097 1222 4168 213

93 4195 197 4254 Cicer.
215 4200 249 4254 de
266 4200 319 4255 div.
336 4201 371 4269 11,
387 4201 431 4269 42,
448 4202 495 4270 873
513 4202 555 4267 46,
574 4203 622 4269 973
641 4200 766 4254 Gallu.
785 4200 841 4255 Aa
858 4199 930 4254 XIV.
948 4201 969 4254 I.
