2834 4609
735 251 776 314 28

188 496 349 583 profuisse
377 502 476 583 poeta
503 495 607 583 aeque
635 502 734 583 atque
757 518 858 583 aeger
879 498 949 584 ipse
973 503 1173 584 compertum
1194 498 1333 582 haheat,

188 636 325 702 mutetis
347 635 425 703 solis
446 635 553 704 verbis
576 634 682 704 denuo
704 636 770 704 det,
808 636 924 704 Nonne
945 638 1086 724 ineptias
1109 637 1216 704 facere
1238 637 1332 705 vide-

189 779 244 841 tur
265 773 387 859 poeta?

274 987 410 1055 Jahnius
432 987 563 1072 quidem
578 988 613 1054 in
628 986 829 1074 explicandis
843 986 989 1054 versibus
1004 992 1130 1054 52-57
1147 992 1181 1054 et
1196 992 1328 1055 66-76
1398 889 1400 1048 l

186 1126 221 1193 in
242 1129 390 1192 nostram
412 1126 607 1193 sententiam
629 1127 657 1192 it
679 1131 779 1211 atque
801 1130 940 1192 naturae
965 1125 1168 1192 debilitatem
1190 1128 1328 1210 omittit,
1398 1087 1400 1216 l

188 1262 232 1329 ad
253 1285 363 1329 versus
376 1267 502 1330 52-57
520 1269 697 1331 annotans:
725 1264 792 1346 „Tu
805 1269 915 1330 tamen
937 1285 1002 1330 non
1024 1268 1118 1348 potes
1141 1231 1328 1349 comparari
1398 1295 1399 1332 1

189 1422 302 1488 puero,
327 1385 383 1487 qui
410 1403 634 1489 philosophiae
664 1423 797 1488 operam
828 1401 947 1468 dedisti
971 1410 1004 1468 et
1026 1402 1104 1487 quid
1124 1407 1249 1468 rectum
1271 1404 1328 1485 sit,

187 1538 269 1607 bene
297 1541 419 1622 nosti;“
452 1547 486 1608 et
513 1540 557 1607 sd
584 1561 696 1607 versus
727 1544 884 1606 66-76:
922 1540 1063 1621 ,Eadem
1084 1540 1212 1607 ratione
1234 1540 1328 1606 vitiis

188 1678 316 1746 obviam
338 1678 479 1746 eundum
500 1684 551 1746 est
573 1651 690 1745 studiis
712 1678 960 1765 philosophicis,
983 1699 1067 1763 quae
1089 1678 1245 1745 uirtutem
1268 1679 1330 1745 do·

190 1820 265 1883 cent
287 1821 321 1883 et
342 1817 463 1884 alunt.“

275 2030 339 2099 Sed
351 2030 525 2098 difficultas
537 2030 777 2117 interpretandi
790 2030 1070 2117 coniungendique
1092 2031 1179 2097 inter
1193 2050 1228 2096 se
1249 2030 1327 2096 illos

187 2169 279 2237 locos
306 2170 435 2237 omnino
466 2169 558 2235 nulla
580 2172 647 2252 est,
677 2168 705 2234 si
728 2169 894 2254 sequimur
916 2189 998 2250 eam,
1016 2190 1121 2252 quam
1143 2169 1325 2250 attulimus,

188 2307 308 2374 satirae
331 2306 589 2392 explicationem.

276 2522 419 2606 Uterque
442 2522 528 2587 enim
548 2522 639 2589 locus
661 2521 701 2588 de
716 2521 922 2608 philosophia
943 2522 1013 2607 agit
1035 2528 1134 2606 atque
1157 2543 1195 2588 eo
1218 2523 1323 2589 solum

191 2659 344 2726 differunt
372 2660 458 2726 inter
485 2681 535 2741 se,
566 2658 653 2743 quod
675 2659 780 2725 altero
804 2659 875 2727 loco
898 2659 1120 2746 philosophiae
1144 2660 1327 2726 studiosum

189 2798 282 2865 nobis
309 2799 463 2883 proponit
492 2802 606 2883 poeta,
642 2798 698 2882 qui
732 2797 813 2862 nihil
840 2798 903 2862 nisi
932 2797 1157 2884 philosophiae
1185 2799 1328 2881 speciem

190 2936 325 3018 haheat,
356 2936 460 3002 altero
490 2957 565 3003 vero
594 2934 832 3020 philosophiam
854 2934 1000 3020 depingit
1022 2956 1147 3016 veram,
1172 2958 1254 3020 quae
1276 2937 1329 3001 illi

190 3094 363 3159 perversae
394 3074 544 3159 opposita
567 3073 619 3139 sit.
648 3073 687 3138 Id
708 3078 807 3158 poeta
829 3074 907 3158 agit,
929 3077 968 3138 ut
989 3073 1068 3157 quid
1088 3074 1219 3139 intersit
1240 3075 1330 3140 inter

189 3234 300 3280 ueram
328 3211 567 3297 philosophiam
595 3216 628 3278 et
656 3210 745 3295 quod
773 3215 844 3276 tum
873 3211 997 3278 Romae
1027 3212 1167 3278 maxime
1189 3211 1328 3277 florebat

190 3350 334 3416 studium
360 3350 589 3435 frequentandi
625 3349 752 3416 scholas
782 3348 960 3435 leviterque
997 3350 1150 3415 audiendi
1184 3350 1328 3435 philoso-

189 3489 327 3575 phorum
350 3489 515 3558 doctrinas
539 3489 679 3555 denotet.
717 3489 770 3553 Ita
791 3479 922 3554 iuuenes
943 3487 1039 3553 huius
1062 3487 1164 3554 falsae
1185 3488 1328 3572 philoso-

189 3629 285 3715 phiae
308 3625 445 3692 studiosi
468 3627 623 3691 memoria
646 3626 788 3710 quidem,
811 3625 948 3692 sednon
963 3626 1100 3707 ratione,
1125 3647 1208 3710 quae
1231 3626 1327 3692 docet

190 3765 353 3845 Porticus,
381 3764 592 3850 percipiuntp
613 3770 714 3849 atque
743 3762 952 3848 philosophia
979 3763 1040 3828 tali
1062 3763 1157 3829 modo
1180 3767 1327 3829 tractata

190 3904 272 3970 nihil
295 3904 424 3970 omnino
446 3903 534 3968 valet
548 3924 653 3986 neque
667 3903 813 3969 euincere
827 3904 938 3986 potest
953 3906 1090 3967 naturae
1113 3900 1324 3968 debilitatem.

191 4042 231 4105 Id
253 4047 465 4124 assequentur
486 4041 511 4105 ii
534 4041 611 4121 soli,
642 4041 698 4123 qui
726 4040 769 4106 ad
798 4060 909 4105 veram
937 4038 1176 4124 philosophiam
1199 4044 1324 4106 attento

192 4197 368 4262 severoque
390 4179 498 4244 animo
520 4177 694 4259 accedant3
718 4178 774 4263 qui
788 4198 854 4245 non
876 4176 981 4243 solum
1003 4175 1149 4259 audiant,
1172 4179 1231 4248 sed
1251 4197 1325 4243 vere
