2834 4609
598 260 764 362 ..L

206 507 394 591 „cujusdam
416 506 518 584 modi,
552 524 675 587 nosque
698 508 845 587 oportet,
879 510 916 565 ut
938 502 1043 584 prima
1072 489 1231 582 appetitio

126 723 129 729 ,
205 644 386 726 „naturalis
408 643 565 727 postulat,
588 643 669 707 haec
685 642 820 725 diligere
836 642 1097 721 constituereque
1120 659 1160 704 ex
1181 637 1232 703 his

205 782 322 865 „finem
344 782 436 847 illum
458 780 575 847 summi
596 779 673 846 boni
695 785 796 863 atque
818 779 925 845 ultimi
934 781 959 861 ¹)
968 786 996 860 ;“
1041 836 1044 841 .
1185 764 1187 767 ’

89 900 152 988 ubi
174 927 320 995 nonest
348 941 453 986 sermo
477 920 517 985 de
540 919 675 1003 Pythioo
698 922 819 1003 „palat
838 912 987 995 uomdr‘,
1007 916 1064 983 sed
1090 916 1130 983 de
1159 936 1234 985 con·

90 1062 261 1126 iunctionc
281 1060 433 1146 physicae
460 1058 565 1142 partis
594 1057 817 1142 philosophiae
848 1077 921 1122 cum
950 1056 1074 1133 ethica
1097 1076 1163 1139 qua
1194 1054 1233 1120 de

94 1219 134 1285 re
159 1220 259 1285 supra
281 1199 429 1266 diximus.

184 1339 286 1405 Plane
307 1341 409 1423 igitur
431 1338 645 1407 discernenda
674 1336 753 1403 mihi
784 1336 910 1402 videtur
939 1336 1104 1419 quaestio:
1145 1335 1234 1412 Quae

96 1478 160 1544 tibi
185 1499 311 1544 summa
337 1478 414 1544 boni
444 1484 510 1557 est,
535 1476 576 1541 ab
606 1477 662 1543 illo
691 1482 882 1560 praecepto:
920 1474 1026 1541 Nosce
1055 1481 1089 1539 te
1119 1475 1234 1558 ipsum.

95 1617 229 1682 Persius
253 1637 352 1702 quum
375 1622 413 1680 et
435 1618 524 1682 illam
548 1616 770 1698 quaestionem
800 1620 838 1679 et
863 1614 947 1680 hanc
970 1612 1164 1679 sententiam
1186 1634 1237 1678 sa-

97 1755 166 1819 tira
187 1760 306 1839 quarta
328 1761 453 1837 tangat,
476 1754 526 1835 id,
552 1751 639 1838 quod
662 1716 794 1818 Iahnius
816 1750 911 1818 affert
933 1757 1171 1835 argumentum,
1194 1753 1236 1816 ad

96 1898 203 1959 totam
226 1894 362 1959 satiram
384 1895 548 1976 pertinere
571 1912 634 1959 nou
657 1896 782 1975 potest;
813 1893 911 1956 immo
934 1911 1010 1956 vero
1031 1891 1096 1955 duo
1128 1895 1235 1956 essent

98 2037 311 2115 argumenta,
336 2033 451 2096 sinon
474 2030 608 2094 tertium
631 2030 795 2113 quoddam
818 2030 1025 2109 haberemuS,
1048 2028 1135 2112 quod
1156 2030 1237 2095 haec

100 2169 166 2235 duo
189 2170 468 2255 complecteretur.
516 2168 609 2247 Quod
630 2170 764 2234 tertium
788 2191 858 2235 esse
880 2170 957 2234 mihi
987 2169 1115 2234 videtur
1144 2191 1238 2252 prae-

99 2313 229 2392 ceptum
253 2309 453 2388 Stoicorum,
476 2329 516 2372 no
540 2329 636 2390 quam
659 2329 728 2373 rem
751 2310 852 2373 levius
874 2311 1134 2392 praetermittas,
1158 2310 1234 2391 quin
1333 2395 1335 2399 ι

100 2448 206 2530 qualis
229 2470 303 2513 uere
327 2448 383 2529 sit,
414 2446 531 2528 quidve
562 2446 623 2510 sihi
650 2447 728 2511 uelit
756 2448 835 2510 satis
864 2446 1077 2527 dijudicatum
1106 2446 1235 2513 habeas.

187 2603 297 2668 Satira
319 2604 419 2686 igitur
435 2609 551 2686 quarta
567 2603 696 2667 Persius
713 2608 855 2667 tractare
879 2603 958 2667 mihi
973 2604 1100 2668 videtur
1115 2598 1237 2687 allop-

101 2739 192 2806 στίαν
212 2741 366 2807 virtutem
387 2743 438 2806 rel
461 2743 574 2807 vitium
597 2742 796 2825 oppositum
828 2743 967 2825 speciem
990 2742 1235 2807 discernendam

102 2900 170 2971 esso
193 2902 212 2944 a
234 2901 326 2960 vero,
350 2878 600 2963 perquirendam
629 2900 790 2964 quamque
813 2901 897 2961 rem,
920 2903 960 2947 ne
979 2881 1101 2963 judicio
1124 2881 1236 2946 leviori

101 3015 263 3087 fallamur.
308 3017 497 3099 videamus,
528 3039 603 3083 num
629 3024 700 3083 tota
713 3021 825 3103 satira
847 3014 961 3084 referri
984 3020 1089 3102 possit
1111 3018 1153 3083 ad
1175 3018 1236 3084 hoc

100 3176 199 3221 unum
221 3162 456 3241 argumentum.

187 3295 330 3361 Primum
367 3296 460 3362 nobis
496 3297 650 3380 proponit
682 3303 781 3380 poeta
814 3296 990 3362 hominem.
1030 3299 1084 3379 qui
1107 3298 1235 3379 ingenio

102 3432 205 3496 fretus
221 3440 254 3497 et
268 3454 377 3499 rerum
396 3434 571 3517 prudentia
589 3456 657 3498 rem
673 3435 786 3518 populi
806 3441 949 3499 tractare
965 3456 1000 3498 se
1015 3456 1109 3519 posse
1123 3442 1234 3521 putet,

103 3573 150 3635 ita
170 3574 224 3649 ut,
259 3569 332 3651 „ubi
361 3578 521 3638 commota
550 3572 674 3637 ferveat
695 3572 865 3657 plebecula
890 3572 973 3653 bile,
1005 3574 1088 3638 ferat
1110 3573 1236 3639 animus

105 3707 226 3774 calidae
249 3707 514 3810 fecisse-silentia
537 3711 651 3777 turbae
672 3713 842 3777 maiestate
859 3720 1010 3794 manus‚;“
1037 3712 1199 3793 „Quirites
1207 3719 1235 3792 ‚“

105 3847 151 3909 ita
173 3846 326 3928 loquitur,
346 3848 424 3928 „hoc
446 3870 511 3914 non
534 3851 656 3915 iustum
680 3856 739 3930 est
760 3849 841 3914 illud
864 3849 957 3930 male,
982 3852 1101 3914 rectius
1124 3850 1234 3914 illud‘*

109 4058 515 4074 ...Μ

174 4191 494 4287 ummmmm
