2834 4609
739 264 779 324 62

278 514 368 579 Siout
391 512 475 577 enim
498 512 627 577 Persius
657 513 768 596 popuii
797 513 932 578 Romani
959 511 1117 594 judicium
1139 534 1320 596 perversum

191 675 255 719 nen
277 650 371 718 flooei
395 650 487 730 facit,
516 649 563 715 ita
594 651 724 718 omnino
753 652 845 718 nihili
874 651 1093 718 aestimandas
1122 673 1191 717 esse
1214 673 1321 718 omnes

191 802 243 857 res
266 796 391 857 censet.
424 810 509 872 quae
536 796 630 854 extra
659 812 717 855 nos
746 811 849 874 neque
873 792 903 856 in
928 798 1039 857 nostra
1054 796 1224 875 potestate
1247 791 1320 855 sint.

191 928 254 995 Sed
278 949 341 992 une
365 927 505 992 omnium
522 949 629 993 rerum
651 931 682 994 in
699 936 862 1012 potestate
886 938 997 996 nostra
1021 934 1071 995 est
1086 932 1200 1007 virtus,
1224 948 1322 1013 quum

190 1067 232 1130 eit
265 1065 385 1131 bonum
416 1067 512 1133 enimi
543 1088 645 1149 neque
674 1069 779 1132 amitti
813 1069 913 1150 pessit
945 1069 1006 1130 nisi
1038 1074 1152 1151 sponte
1175 1068 1243 1132 eius
1268 1067 1322 1151 qui

189 1205 328 1271 amittit:

293 1340 351 1423 „ni
372 1339 435 1431 γάρ
457 1342 526 1408 issi
540 1367 577 1408 «11
603 1337 660 1407 οὐκ
681 1339 732 1431 ἐφ’
748 1341 835 1429 ἡμῖν,
851 1338 943 1410 πάσα
956 1339 1084 1429 ἀνάγκη.
1103 1339 1185 1430 μήτε
1199 1339 1323 1426 ἀγαθὸν

293 1478 393 1561 „aas
414 1472 497 1547 elsae
517 1477 599 1569 μήτε
620 1477 779 1568 κακόν.1)“

190 1622 314 1688 Stoicos
355 1643 430 1687 vero
474 1623 561 1706 ipsos
603 1622 663 1686 hoc
708 1621 860 1687 acerbum
907 1644 1116 1709 severumque
1153 1624 1323 1708 placitum,

189 1760 276 1844 quod
298 1763 418 1826 attinet
440 1761 605 1827 advitam
628 1763 741 1846 ipsam,
765 1762 931 1845 mitigasse
947 1769 1084 1845 apparet
1100 1783 1139 1827 ex
1153 1760 1204 1825 his
1227 1762 1322 1827 loeis:

248 1934 251 1939 <
293 1900 472 1983 „Deinceps
497 1899 678 1984 explicatur
705 1898 923 1966 differentiam
945 1921 1063 1979 rerum,
1088 1921 1186 1983 qnam
1209 1901 1237 1964 si
1260 1920 1324 1965 non

294 2037 414 2119 „ullam
443 2059 514 2105 esse
543 2039 742 2117 diceremus,
773 2038 1024 2104 confunderetur
1053 2039 1156 2103 omnis
1178 2038 1262 2117 vite,
1288 2043 1323 2102 ut

292 2174 353 2256 „ab
374 2177 535 2257 Aristone,
560 2198 664 2259 neque
687 2176 788 2241 ullum
817 2176 999 2260 sapientiae
1018 2196 1134 2239 munus
1158 2180 1216 2240 aut
1239 2196 1322 2259 opus

291 2314 520 2395 „inveniretur
543 2336 642 2399 quum
664 2315 751 2380 inter
773 2336 825 2379 res
842 2335 906 2391 eae,
931 2334 1013 2396 quae
1029 2313 1071 2378 ad
1088 2314 1186 2377 vitem
1203 2311 1322 2394 degen-

291 2451 387 2530 „dam
408 2452 617 2535 pertinerent,
640 2451 719 2516 nihil
744 2453 872 2516 omnino
897 2452 1068 2516 interesset
1090 2470 1194 2532 neque
1218 2447 1323 2514 ullum

290 2589 465 2670 „dilectum
487 2588 636 2655 adhiberi
659 2594 836 2675 oporteret.
870 2588 985 2671 Itaque
1010 2610 1109 2670 quum
1133 2592 1216 2652 esset
1239 2589 1322 2653 satis

291 2700 532 2809 „censtitutuin
549 2728 582 2793 id
599 2729 702 2794 solum
718 2749 787 2794 esse
802 2728 931 2807 bonurn,
945 2720 1032 2810 qued
1044 2733 1130 2792 esset
1140 2726 1322 2803 honestum,

291 2874 343 2945 „et
365 2866 400 2932 id
422 2868 543 2934 malum
566 2867 678 2945 solum,
704 2865 790 2947 quod
817 2871 922 2950 turpe,
946 2873 1014 2930 tum
1041 2867 1127 2929 inter
1142 2863 1209 2943 illa,
1235 2884 1322 2946 quae

292 3005 392 3084 „nihil
423 3005 568 3071 valerent
598 3005 641 3070 ad
667 3005 763 3070 beate
794 3005 948 3070 misereve
978 3003 1166 3080 vivendum
1197 3000 1323 3084 aliquid

291 3153 419 3225 „tamen
443 3143 529 3227 qued
552 3142 697 3210 differret
720 3166 789 3209 esse
813 3145 993 3221 voluerunt,
1020 3150 1054 3207 ut
1079 3146 1187 3206 essent
1209 3160 1322 3205 eorum

290 3282 374 3363 „alia
397 3281 624 3362 aestimabilia,
648 3283 714 3347 alia
737 3288 863 3363 eontra,
887 3283 952 3348 alia
975 3288 1135 3347 neutrum.
1146 3278 1192 3363 2)“

290 3424 384 3501 „Teis
406 3416 571 3505 δ’ἅγαθῶν
592 3421 633 3486 τά
655 3420 715 3501 μὲν
737 3412 818 3486 εἶναι
841 3416 968 3509 ἀρετάς,
1000 3419 1037 3484 ici
1061 3411 1142 3482 δὀὔ·
1166 3412 1322 3505 φρόνησιν

290 3582 368 3641 ,,μεν
390 3552 446 3623 οὖν
466 3560 519 3625 καὶ
536 3555 743 3649 σωφροσύνην
757 3559 810 3625 καὶ
833 3555 983 3647 ἀνδρείαν
1005 3551 1132 3644 ἀρετάς,
1157 3554 1263 3644 χαράν
1285 3554 1321 3620 δὲ

288 3698 361 3775 ,σαὶ
387 3693 585 3788 εὐφροσύνην
606 3699 658 3765 καὶ
681 3693 807 3787 θάρσος
827 3698 880 3763 καὶ
902 3696 1053 3784 βούλησιν
1074 3696 1128 3762 καὶ
1150 3694 1192 3761 se?
1214 3716 1319 3781 παρα-

290 3833 432 3927 ,,νιλήσ1α
454 3833 511 3902 οὐκ
529 3830 610 3903 εἶναι
634 3833 771 3925 ἀρετάς(
796 3887 802 3900 .
827 3886 863 3899 ..

260 4113 276 4177 ¹)
293 4113 318 4166 Ε
325 4114 402 4181 pist.
421 4113 496 4166 ench.
515 4116 555 4165 39.

257 4205 515 4271 2’1111111111111111
535 4206 581 4272 111,
602 4210 641 4273 15,
661 4210 702 4265 50,
