2834 4609
653 240 714 301 118

199 486 334 572 Saepius
356 483 527 576 εἰρωνικῶς
542 486 710 554 hominum
726 485 900 553 stultitiam
916 486 1070 571 exagitat,
1093 486 1148 574 qui
1162 486 1254 551 mala

111 630 253 710 poscunt
273 625 351 692 deos
373 625 424 693 vel
446 626 557 692 inania
578 647 607 691 v.
631 645 677 710 g.:

216 763 330 846 „Mens
344 762 439 847 bena,
463 763 561 848 fama,
582 763 674 846 fides,
689 763 771 830 haec
786 763 875 830 clare
891 768 925 830 et
939 768 976 829 ut
991 761 1104 830 audiat
1118 761 1253 847 hospes:

215 901 297 983 „Illa
324 900 387 968 sibi
412 902 589 969 introrsum
618 907 651 968 et
678 901 738 968 sub
773 903 885 986 lingua
914 905 1112 967 murmurat:
1147 902 1196 984 „0
1225 901 1256 967 si

215 1038 382 1122 „Ebulliat
402 1045 550 1126 patruus,
572 1040 777 1125 praeclarum
798 1040 927 1106 funus.“
951 1044 998 1105 et:
1022 1040 1071 1121 „0
1096 1041 1124 1105 si

215 1178 303 1261 „snb
325 1184 433 1246 rastro
455 1183 567 1264 crepet
589 1180 717 1263 argenti
738 1178 817 1244 mihi
840 1179 926 1249 aeria
948 1179 1062 1245 dextro

216 1317 389 1399 „Herculei
427 1319 627 1404 pupillumve
657 1319 798 1400 utinam,
832 1339 929 1402 quem
964 1317 1131 1402 proximus
1156 1317 1259 1384 heres

215 1426 389 1541 „Impellc,
420 1456 618 1540 expungam!
649 1476 791 1539 namque
821 1461 872 1522 est
903 1456 1088 1538 scabiosus,
1119 1461 1153 1522 et
1183 1458 1259 1521 acri

216 1593 307 1676 „Bile
330 1597 442 1659 tumet.
466 1594 565 1661 Nerio
583 1594 654 1678 jam
676 1596 776 1659 tertia
799 1593 950 1660 conditur
971 1595 1086 1661 uxer!“
1111 1633 1156 1643 —

215 1733 326 1814 „Haec
348 1737 460 1799 sancte
482 1738 520 1799 ut
541 1754 666 1817 poscae,
691 1733 842 1799 Tiberino
865 1734 899 1799 in
921 1733 1050 1819 gurgite
1071 1734 1192 1818 mergis

216 1871 334 1954 „Mane
357 1876 456 1957 caput
477 1870 528 1937 bis
550 1876 665 1956 terque
681 1876 715 1938 et
729 1878 857 1938 noctem
872 1870 1003 1938 flumine
1018 1873 1161 1957 purgas?
1175 1921 1183 1936 .
1198 1922 1205 1936 .
1222 1879 1257 1937 .“

213 2010 275 2075 Et:

214 2148 329 2231 „Hunc
351 2151 445 2234 optet
465 2168 620 2233 generum
641 2168 699 2213 rex
722 2153 755 2214 et
776 2148 905 2232 regina;
928 2149 1057 2233 puellae

215 2287 331 2370 „Hunc
352 2287 499 2372 rapiant3
522 2285 681 2375 quidquid
703 2285 879 2353 calcaverit
900 2287 968 2369 hic,
991 2309 1067 2355 rusa
1088 2287 1162 2355 fiatl
1189 2266 1194 2271 K

217 2425 296 2507 „Ast
318 2445 377 2510 ego
400 2424 521 2490 nutrici
542 2444 608 2491 non
629 2423 749 2492 mando
771 2430 864 2508 rcta3
887 2431 1017 2511 negate,

216 2563 373 2649 „Jupiter
395 2563 477 2630 haec
498 2564 557 2644 illi,
581 2565 728 2648 quamvis
750 2568 784 2630 te
805 2563 918 2632 albata
939 2565 1130 2651 rogarit.¹)“

111 2703 189 2770 Pari
210 2702 306 2769 modo
334 2703 498 2787 vituperat
520 2720 589 2785 eos,
613 2704 670 2787 qui
693 2708 788 2769 orant
811 2702 942 2787 quidem
963 2725 1017 2770 res
1039 2705 1135 2771 utiles
1157 2727 1262 2789 expe·

113 2841 313 2926 tendasque,
338 2841 451 2926 quales
474 2847 549 2908 sunt
578 2842 729 2924 divitiae,
767 2842 920 2910 valetudo
948 2843 1151 2928 firmitasque
1181 2865 1259 2908 cor-

109 2980 212 3064 poris3
242 2980 300 3047 sed
321 2980 381 3046 has
402 3000 515 3065 preces
544 2980 613 3045 rita
639 2984 673 3045 et
701 2979 846 3047 moribus
878 2982 950 3067 ipso
983 3003 1049 3047 non
1081 2980 1255 3064 adjuvant,

109 3118 327 3185 valetudinem
341 3118 594 3204 intemperantia
609 3118 803 3202 luxuriaque
819 3118 988 3200 subruunt,
1005 3141 1057 3184 ree
1074 3119 1258 3186 familiares

112 3258 263 3323 minuunt
286 3258 390 3339 „extis
413 3261 447 3323 et
468 3258 576 3343 opimo
598 3256 700 3323 iert0“
727 3257 789 3323 diis
810 3258 880 3323 sine
902 3258 969 3324 ullo
989 3258 1098 3324 fructu
1112 3257 1255 3325 oblatis:

217 3395 346 3477 „Poscis
369 3415 463 3479 opem
485 3396 592 3462 nervis
615 3417 796 3481 corpusque
817 3397 913 3463 fidele
936 3401 1101 3463 senectae:

218 3533 316 3615 „Esto
339 3554 415 3619 age3
439 3534 496 3600 sed
518 3534 657 3620 grandes
679 3535 813 3621 patinae
836 3539 1030 3620 tuccetaque
1053 3556 1163 3601 crassa

218 3671 388 3754 „Adnuere
409 3672 461 3738 his
483 3695 617 3758 superos
640 3677 772 3742 vetuere
794 3676 972 3760 lovemque
993 3679 1172 3742 morentur.

219 3812 316 3892 „Rem
341 3817 465 3876 struere
490 3817 624 3896 exoptas
647 3823 741 3879 caeso
763 3815 854 3895 beve,
879 3814 1141 3899 Mercuriumque

116 4045 525 4054 mm...

188 4197 204 4258 ¹)
223 4197 321 4250 Satin.
339 4197 374 4263 11,
392 4199 492 4265 8-163
510 4201 619 4252 57-40.
