2834 4609
730 267 771 328 40

289 512 466 596 „spiciuntz
500 516 707 579 revertantur
729 509 772 577 au
794 512 953 580 animum:
983 514 1048 581 iam
1069 514 1234 583 hominem
1256 513 1325 579 deo

288 651 484 732 „metientur
508 698 515 714 .
540 699 547 713 .
572 655 600 713 .“

288 788 435 868 „Natura
457 788 543 853 enim
564 786 660 854 homo
673 786 829 854 mundum
842 793 940 876 atque
951 789 1083 874 elegans
1096 791 1217 857 animal
1233 795 1319 857 est.“
1394 763 1396 838 l

287 925 473 1010 „Cogitavit
501 945 560 991 nos
588 929 664 991 ante
692 930 811 991 natura
839 946 937 1014 quum
958 926 1050 1008 secit3
1072 949 1133 996 nec
1155 934 1224 995 tam
1245 928 1320 994 leve

289 1085 390 1148 „opus
413 1083 533 1166 sumus,
556 1067 594 1129 ut
615 1063 665 1129 illi
686 1064 889 1149 potuerimus
912 1065 1127 1150 excidere.¹)“

291 1227 410 1308 ,Nobis
439 1232 550 1294 autem
578 1247 752 1312 personam
783 1227 940 1313 imposuit
961 1229 1033 1314 ipsa
1054 1234 1176 1295 natura
1197 1250 1320 1316 magna

289 1387 381 1449 „oum
425 1364 617 1433 excellentis
666 1365 933 1450 praestantiaque
978 1367 1191 1434 animantium
1241 1366 1319 1433 roli-

289 1504 509 1590 „quarunt

268 1668 414 1742 Alteram
442 1668 537 1748 viam,
574 1686 681 1752 quaa
710 1666 845 1753 physion
867 1667 910 1733 ad
939 1666 1079 1735 ethicam
1105 1670 1323 1754 pervenirent‘
1397 1679 1398 1710 ¹

183 1808 337 1892 petivisse
373 1808 453 1873 mihi
489 1805 640 1872 videntur
677 1804 779 1873 Stoici
810 1824 851 1871 ex
880 1804 994 1872 ordine
1023 1806 1105 1875 miro
1135 1808 1170 1873 in
1199 1806 1323 1874 mundo

184 1951 372 2031 apparente.

272 2082 378 2150 Homo
400 2087 451 2149 est
464 2087 603 2150 naturae
617 2101 713 2169 pars3
735 2086 889 2149 naturam
910 2101 986 2149 vero
1001 2080 1204 2167 perquirenti
1226 2080 1324 2148 saoile

167 2185 339 2301 elucebit,
362 2221 487 2302 omnia,
511 2239 595 2305 quae
617 2195 714 2288 in¹ea
735 2224 828 2303 sunt,
851 2219 934 2287 miro
958 2218 1099 2304 quodam
1121 2217 1236 2288 ordine
1257 2215 1325 2285 dis·

186 2359 297 2442 posita
319 2378 399 2425 esse.

296 2518 382 2601 ,Neo
403 2540 480 2588 vero
501 2520 560 2588 illa
580 2540 683 2608 parva
704 2520 755 2588 vis
769 2525 909 2589 naturae
931 2527 982 2588 est
1003 2521 1215 2605 rationisque,
1237 2519 1329 2605 quod

294 2680 412 2741 ,unum
441 2659 505 2727 hoo
533 2659 656 2727 animal
692 2661 751 2746 (so.
781 2659 892 2744 homo)
917 2660 1033 2740 sentit,
1064 2658 1144 2743 quid
1166 2658 1211 2725 eit
1234 2658 1326 2740 ordo,

293 2795 391 2882 ,quid
411 2796 470 2878 sit,
500 2795 588 2883 quod
616 2794 740 2866 deceat.
789 2797 904 2881 Itaque
932 2780 1043 2863 eorum
1065 2796 1218 2881 ipsorum,
1242 2815 1328 2882 quae

296 2931 472 3021 „adspectu
494 2936 690 3018 sentiuntur,
713 2932 839 3001 nullum
861 2933 953 3000 aliud
967 2932 1089 3000 animal
1110 2930 1327 3019 pulchritudi-

299 3093 400 3154 ,nom,
421 3077 634 3154 venustatem,
658 3071 915 3139 convenientiam
930 3072 1073 3157 partium
1089 3070 1198 3136 sentit.
1223 3069 1329 3149 Quam

299 3210 563 3293 ,similitudinem
592 3214 712 3278 natura
739 3209 891 3294 ratioque
921 3208 963 3275 ab
994 3208 1096 3275 oculis
1119 3207 1163 3274 ad
1185 3207 1329 3273 animum

301 3350 520 3430 ,transferens
549 3348 654 3416 multo
682 3348 782 3416 otiam
807 3348 911 3434 magis
939 3344 1230 3433 pulchritudinem,
1253 3365 1329 3412 oon·

296 3489 480 3570 ,stantiam
503 3484 650 3555 ordinem
671 3487 706 3553 in
729 3485 872 3553 consiliis
893 3485 1055 3569 factisque
1071 3482 1326 3550 conservandam

297 3631 410 3714 ,putat
445 3606 622 3710 cavetque,
655 3646 696 3692 ne
728 3622 808 3710 quid
840 3619 996 3692 indecore
1029 3620 1252 3689 effeminateve
1281 3620 1328 3687 le·

299 3766 410 3848 „oiat.“
439 3814 445 3827 .
471 3815 478 3827 .
505 3814 511 3828 .

193 3980 604 3993 W

267 4121 283 4188 ¹)
301 4118 410 4174 Senos.
429 4135 470 4189 op,
488 4120 529 4185 65,
547 4118 594 4185 213
615 4119 676 4185 121,
695 4122 725 4185 33
744 4121 788 4184 71,
806 4120 840 4185 63
857 4118 904 4183 95,
931 4115 976 4184 123
1002 4113 1037 4170 do
1063 4114 1152 4171 benef.
1179 4112 1230 4182 v1,
1247 4112 1288 4169 ΞΒ.
1305 4115 1327 4168 t.

263 4214 284 4280 ²)
302 4212 407 4269 Cicer.
425 4212 460 4269 do
478 4211 522 4267 off.
540 4214 562 4283 I,
580 4212 621 4267 27.
