2834 4609
677 301 719 368 ts

594 395 800 413 μ

217 554 309 621 Duae
330 553 392 621 hac
412 555 621 639 qoaoetiouas
643 553 686 621 at
704 549 789 620 duas
806 552 887 622 uus
907 551 1051 618 rationes
1071 549 1261 619 rotundae

129 697 217 774 suut,
240 691 357 777 quibus
378 693 483 776 Qum
505 693 668 777 quandam
681 691 867 762 hominibus
881 683 1021 776 posim
1044 703 1159 756 essee·
1182 688 1263 775 phy·

130 831 200 896 sice
221 829 350 895 duxisse
373 829 500 896 Stoicos
520 847 622 915 supra
640 829 793 895 vidimus

218 965 334 1033 Verbis
347 968 450 1033 euim:
477 966 656 1049 „Quidnam
685 966 803 1033 victuri
823 966 1004 1051 gignimnr“
1020 983 1082 1033 nos
1096 964 1143 1032 sd
1161 962 1263 1031 surbli·

127 1103 276 1171 mitatem
316 1105 617 1191 praestantiamque
656 1105 785 1189 generis
818 1103 951 1172 humaui
983 1108 1116 1174 revocat
1147 1108 1267 1188 poetar

127 1240 251 1308 verbiez
289 1242 395 1324 „Ordo
424 1243 499 1328 quie
533 1243 648 1310 dctus
684 1242 731 1308 sd
756 1241 924 1323 ordinem,
958 1262 1057 1326 quem
1092 1242 1262 1312 universus

126 1378 267 1470 ruaudus
289 1376 456 1464 omnisque
477 1385 597 1450 natura
618 1382 775 1466 requitur.
829 1377 914 1447 Neue
933 1380 1101 1465 quaesto:
1139 1378 1258 1460 „Quid-

127 1537 204 1583 nam
226 1518 343 1584 victuri
369 1518 561 1604 gignimur‚“
587 1518 700 1586 eedem
722 1518 790 1588 iere
813 1522 985 1602 astatque
1011 1517 1109 1588 haec:
1142 1515 1260 1597 „Quid-

127 1677 204 1722 nam
226 1657 375 1722 sumus?“
389 1658 414 1743 1)
949 1751 952 1755 A

216 1794 320 1873 Quam
347 1791 488 1862 sublime
514 1796 614 1862 Stoici
647 1796 688 1862 de
715 1794 900 1866 hominibus
934 1795 1161 1880 cogitaverint,
1190 1794 1260 1878 jan‘r
1303 1836 1306 1841 -

127 1952 228 2016 supro
261 1932 501 2018 explicavimus.
557 1932 680 2000 Verba:
723 1933 830 2014 „Ordo
858 1935 933 2018 quis
961 1933 1076 1998 datue“
1107 1932 1165 1998 aiii
1196 1932 1261 1998 alio

126 2069 223 2134 modo
246 2070 454 2153 interpretati
484 2076 569 2136 eunt.
603 2071 749 2137 'Plurimi
779 2071 909 2157 quidem
930 2027 1077 2138 Peritum
1100 2070 1260 2158 cogitasse
1287 2061 1300 2088 ’

124 2211 324 2292 putaverunt
346 2207 389 2294 de·
408 2207 476 2274 fato
501 2208 625 2291 Stoico,
641 2211 688 2275 ita
703 2216 742 2275 ut
757 2208 836 2312 ordo
852 2211 978 2297 positus
1001 2214 1085 2276 esset
1099 2230 1159 2294 pro
1181 2185 1260 2274 fato.

127 2346 321 2412 Acutiseime
351 2346 487 2413 Jahnius
518 2352 550 2413 et
578 2346 784 2413 Heinrichius
811 2350 953 2434 imagine
975 2368 1069 2414 usum
1092 2368 1162 2413 esse
1183 2368 1259 2434 poc-

126 2488 198 2549 tem
220 2484 438 2566 ostenderunt,
462 2489 570 2551 sumta
584 2506 604 2552 a
618 2485 704 2556 ludia
721 2487 918 2552 circensibus
940 2490 973 2553 et
988 2491 1061 2552 erte
1075 2485 1258 2572 aurigandi,

126 2622 236 2686 itaut
264 2622 344 2688 ordo
374 2628 459 2688 esset
486 2623 595 2704 locus,
626 2644 722 2706 quem
749 2629 838 2689 sorte
866 2623 999 2690 ductum
1028 2609 1183 2689 tenebant
1202 2646 1262 2692 au-

124 2760 217 2845 rigae
240 2765 424 2825 certantes:
457 2760 508 2827 Ex
538 2781 650 2826 eorum
679 2761 842 2832 sententia
871 2761 951 2827 ordo
980 2762 1107 2847 positus
1130 2767 1179 2826 est
1200 2781 1261 2847 pro

124 2877 198 2963 loco
221 2875 391 2964 inordina
413 2899 577 2983 serieque3
608 2899 666 2965 sed
694 2898 774 2965 haec
796 2899 895 2963 verba
917 2898 960 2964 ad
981 2899 1170 2994 imaginem,
1194 2919 1260 2982 quo

125 3057 205 3102 usus
227 3044 276 3101 est
297 3042 397 3121 poete
419 3036 541 3103 verbis:
569 3038 653 3117 „Aut
667 3041 773 3102 metae
789 3057 853 3120 qua
868 3037 975 3101 mollis
989 3035 1090 3103 flexus
1106 3041 1139 3101 et
1154 3036 1256 3104 uude“

125 3175 289 3259 pertinere
318 3173 398 3239 mihi
425 3196 490 3240 non
518 3174 684 3254 videntur,
717 3195 816 3257 quum
846 3195 919 3240 mea
946 3173 1076 3259 quidem
1099 3175 1260 3240 sententia

125 3309 206 3379 ordo
236 3313 279 3378 sit
312 3312 370 3377 illu
399 3313 585 3379 Stoicorum
613 3306 729 3392 τάξις,
768 3333 852 3396 quae
883 3332 1076 3396 quocunque
1104 3313 1259 3382 vertimus

77 3479 81 3486 ⁴
125 3449 246 3530 oculor,
268 3450 303 3514 in
324 3450 445 3515 mundo
468 3451 620 3517 cernitur.
671 3450 779 3531 „Ordo
809 3451 882 3534 quis
904 3450 1017 3515 datus“
1043 3449 1186 3534 positum
1209 3435 1260 3516 est

124 3606 201 3670 pro:
225 3587 288 3666 Qui
310 3586 402 3654 locus
430 3588 491 3654 tibi
520 3590 571 3655 est
601 3586 697 3654 dutus
725 3589 759 3654 in
789 3588 902 3655 ordine
928 3587 1057 3670 mundi3
1081 3609 1197 3654 caveas
1218 3610 1259 3654 ne

124 3721 237 3791 turbes
272 3725 381 3809 illum,
419 3724 477 3794 sed
513 3725 660 3794 obtineas
697 3748 771 3793 eum
807 3727 932 3806 locum,
966 3727 1022 3810 qui
1057 3725 1182 3794 homini
1216 3726 1259 3791 eit

125 3861 317 3930 destinatus.

126 4044 532 4058 m

207 4159 226 4227 ¹)
248 4154 298 4230 ,ξο
325 4160 364 4238 μὴ
391 4158 472 4225 εἰδώς
501 4161 585 4239 πρὸς
617 4158 670 4218 ὃτι
702 4158 839 4237 πέφυκεν,
869 4156 920 4217 οὐκ
950 4152 1000 4216 οἶδ’
1032 4115 1127 4221 ὅστις
1156 4155 1258 4217 ἐστίν.“
1349 4183 1354 4188 ·

125 4259 246 4316 Anton
264 4260 324 4330 ΥΠ,
341 4263 383 4316 44.
1010 4270 1015 4278 ,
