2834 4609
753 289 794 350 36

206 536 401 621 pervenietis
422 535 466 602 ad
488 535 665 616 scientiam,
677 536 815 600 scientis
830 533 873 600 ad
889 534 1093 619 sapientiam,
1117 534 1279 618 sapientia
1303 533 1344 598 ad

207 676 370 741 virtutem.
407 674 471 742 Sed
492 675 623 740 Persius
652 694 718 739 non
747 674 852 739 solum
878 672 1033 739 hortatur
1062 671 1105 737 ad
1134 672 1342 736 tractandam

206 811 454 897 philosophiam,
478 812 536 878 sed
551 811 645 878 addit
660 812 766 893 simul,
782 812 825 878 ad
841 831 924 896 quae
939 811 1046 895 prima
1061 808 1199 875 accedas
1213 829 1345 874 necesse

208 953 259 1034 sit,
282 953 376 1017 utin
397 973 474 1018 vera
494 950 699 1036 philosophia
721 950 861 1016 verseris
883 948 1045 1033 finemque
1069 969 1142 1013 eum
1157 948 1346 1031 assequaris

209 1089 265 1175 qui
298 1088 521 1175 philosophiae
556 1089 745 1174 propositus
779 1089 832 1153 sit.
876 1085 993 1152 Verbis
1022 1087 1122 1151 enim:
1147 1091 1201 1166 „et
1230 1105 1348 1149 causas

210 1228 395 1313 cognoscite
433 1233 562 1293 rerum“
601 1228 738 1312 digitum
780 1226 922 1292 intendit
964 1225 999 1289 in
1040 1223 1223 1307 physicam,
1261 1221 1349 1287 unde

208 1364 404 1449 philosopho
444 1364 675 1449 egrediendum
715 1365 816 1431 Stoici
853 1363 1036 1430 censebant.
1081 1360 1237 1444 Physicae
1275 1365 1351 1424 erat

212 1521 327 1567 causas
372 1523 564 1585 cognoscere
601 1508 635 1568 et
681 1524 734 1568 res
774 1504 887 1585 ipsas,
929 1507 1050 1566 natura
1086 1499 1189 1579 enim,
1248 1518 1351 1581 quam

210 1638 394 1714 considerat
426 1640 576 1724 physica,
616 1640 843 1725 complectitur
868 1641 1039 1706 materiam
1065 1645 1099 1703 et
1125 1657 1256 1704 causam
1280 1657 1352 1701 ma·

209 1778 321 1843 terias.

317 1941 468 2023 „Dicunt
490 1947 528 2007 ut
551 1943 624 2024 scis,
648 1942 749 2009 Stoici
771 1943 890 2023 nostri,
914 1942 978 2009 duo
1001 1964 1070 2009 esse
1093 1944 1127 2008 in
1148 1963 1257 2008 rerum
1292 1963 1353 2007 na-

316 2085 428 2163 „tura,
466 2100 506 2145 ex
535 2080 652 2166 quibus
682 2083 790 2148 omnia
819 2080 915 2163 fiant,
945 2102 1077 2148 causam
1106 2088 1140 2146 et
1166 2081 1352 2162 materiam,

316 2220 474 2300 „materia
496 2221 582 2285 iacet
602 2220 706 2301 iners,
729 2241 782 2285 res
798 2219 841 2286 ad
856 2220 981 2301 omnia,
1004 2224 1139 2304 parata,
1172 2225 1353 2300 cessatura,

316 2355 364 2437 „si
385 2377 478 2423 nemo
500 2361 659 2423 moveat.“

318 2601 327 2617 .
351 2598 358 2610 .
384 2599 391 2611 .
416 2548 579 2629 „Decreta
593 2570 670 2615 vero
688 2550 869 2635 sapientiae
883 2551 917 2615 in
933 2548 1063 2631 abdit03
1087 2551 1171 2614 sicut
1185 2548 1355 2615 sanctiora

320 2704 511 2766 „sacrorum
541 2691 670 2753 tantum
697 2687 819 2753 initiati
849 2688 978 2769 sciunt,⁵
1005 2690 1054 2753 ita
1080 2688 1115 2752 in
1144 2684 1356 2770 philosophia

323 2845 466 2906 „arcana
480 2823 539 2890 illa
561 2825 713 2892 admissis
735 2827 939 2911 receptisque
953 2827 988 2892 in
1010 2846 1104 2892 sacra
1119 2824 1354 2891 ostenduntur:

319 2968 375 3044 „at
397 2970 572 3048 praecepta
600 2969 633 3029 et
655 2964 722 3029 alia
752 2965 911 3031 eiusmodi
939 2965 1085 3049 profanis
1115 2984 1243 3048 quoque
1271 2969 1356 3029 nota

320 3104 425 3179 „sunt
478 3102 671 3169 Posidonius
707 3124 773 3169 non
801 3108 930 3168 tantum
960 3105 1239 3198 praeceptionem,
1269 3101 1355 3168 nihil

321 3239 427 3317 „enim
449 3261 509 3306 nos
530 3239 592 3307 hoc
613 3240 712 3308 verbo
734 3244 784 3308 uti
798 3241 959 3327 prohibet,
982 3241 1039 3307 sed
1054 3242 1158 3320 etiam
1169 3242 1353 3307 suasionem

321 3381 376 3455 „et
392 3374 646 3474 consolationem
662 3385 695 3445 et
711 3380 968 3447 exhortationem
979 3381 1197 3445 necessariam
1209 3377 1353 3458 indicat;

320 3513 391 3595 ,tris
413 3512 526 3600 adjicit
541 3535 714 3583 causarum
735 3518 991 3603 inquisitionem,
1014 3515 1251 3603 etymologiam.
1261 3519 1307 3603 1)“

321 3703 463 3787 „Rerum
485 3711 595 3775 autem
617 3709 818 3793 cognitiones
839 3714 1040 3795 -propter
1068 3730 1103 3778 se
1125 3706 1354 3777 adsciscendas

322 3842 572 3926 ‚,arbitramur.“
595 3884 639 3896 —

555 4062 630 4072 ..ι-ι..

294 4214 311 4276 ¹)
331 4211 442 4266 Senec.
462 4227 503 4281 ep.
521 4213 563 4276 65,
581 4212 611 4280 2;
629 4214 670 4278 95,
689 4214 740 4279 ee;
759 4213 792 4269 cf.
810 4220 863 4269 nat.
883 4220 983 4282 quaest
1002 4212 1048 4279 VI,
1065 4217 1089 4269 3.
