2834 4609
99 572 103 578 ⁴
183 546 241 610 Et:

178 739 222 749 ..
243 738 286 750 -
309 700 432 783 „Nunc
455 723 541 767 nunc
563 703 741 788 impensius
764 725 880 788 ungue,

11 918 13 935 Ι
182 838 304 923 „Urge
326 859 417 924 puer,
440 840 565 906 caules!
587 840 667 906 mihi
689 840 776 907 festa
797 842 869 907 luce
891 847 1050 927 coquatur

181 975 317 1056 „Urtica
339 982 372 1043 et
394 976 472 1044 fissa
494 976 654 1044 fumosum
677 979 819 1064 sinciput
841 999 930 1060 aure,

183 1113 249 1194 „Ut
271 1119 346 1181 tuus
369 1115 431 1183 iste
453 1136 553 1201 nepos
576 1116 653 1183 olim
676 1121 770 1181 satur
791 1118 915 1183 anseris
938 1117 1032 1197 extis,

182 1252 310 1333 „Quum
331 1274 461 1319 morosa
482 1274 564 1338 vago
587 1255 756 1339 singultiet
777 1255 909 1339 inguine
930 1274 1021 1335 vena,

11 1402 13 1473 j
77 1384 83 1393 ’
181 1391 366 1470 „Patriciae
388 1392 534 1458 immeiat
555 1392 692 1458 vulvae?
714 1392 794 1458 mihi
816 1380 923 1459 trarna
944 1391 1069 1477 figurae

181 1527 253 1608 „Sit
275 1529 411 1613 reliqua,
433 1534 485 1595 ast
506 1530 556 1595 ilii
570 1535 697 1607 ,tremat
720 1535 849 1597 omento
871 1551 958 1616 popa
979 1535 1091 1597 venter
1102 1533 1126 1615 ¹)
1134 1533 1170 1595 ΣΝ

163 1692 217 1757 Ita
244 1693 374 1758 Persius
403 1715 564 1759 summum
594 1694 676 1760 illud
707 1695 891 1761 Stoicorum
921 1694 1039 1778 dogma
1067 1695 1213 1775 retinuit,

81 1836 210 1914 praeter
234 1832 388 1897 virtutem
409 1833 492 1898 nihil
514 1854 601 1913 esse,
635 1833 722 1918 quod
744 1833 787 1898 ad
808 1832 905 1900 beate
927 1831 1098 1899 vivendum
1129 1833 1215 1898 suffi-

82 1974 175 2050 ceret,
199 1968 258 2035 sed
279 1971 441 2053 mitigavit
463 1970 560 2036 simul
583 1972 778 2037 severiorem
800 1993 911 2037 eorum
933 1971 1136 2051 sententiam,
1160 1992 1215 2070 eas

80 2125 139 2188 res,
162 2128 247 2192 quae
270 2107 312 2174 ad
333 2130 427 2174 usum
450 2109 614 2193 vitamque
637 2130 838 2175 communem
862 2114 1059 2195 spectarent,
1084 2111 1213 2175 omnino

81 2243 169 2310 nihili
190 2267 261 2312 esse
283 2246 514 2313 aestimandas.

163 2412 358 2479 Acouratius
381 2433 480 2496 quam
503 2413 665 2495 derebus,
690 2434 774 2497 quae
798 2415 863 2479 sint
878 2412 1090 2499 appetendae,
1115 2414 1216 2479 Stoici

81 2546 118 2614 de
139 2548 312 2616 affectibus
334 2552 434 2616 animi
456 2550 697 2617 disseruerunt:

181 2712 272 2800 „ch
294 2714 330 2780 or:
352 2712 454 2802 ὁρμὴν
476 2706 560 2781 εἶναι’
581 2734 663 2803 φασι
678 2713 784 2803 φορὰν
805 2719 916 2803 ψυχῆς
938 2712 996 2782 ἐπί
1016 2738 1057 2781 τι.
1067 2716 1113 2800 ¹)“

167 2879 396 2964 appetitiones
419 2879 485 2945 sive
507 2878 696 2946 affectiones
717 2881 818 2946 anian
840 2886 916 2949 sunt
937 2886 996 2947 aut
1017 2879 1121 2947 bonae
1144 2876 1217 2958 „ari-

81 3009 250 3094 πάθειαι,“
273 3022 332 3083 aut
353 3016 459 3083 malae
482 3011 662 3104 ‚adanu

164 3182 332 3266 Appetitio
365 3182 525 3248 rationem
560 3202 698 3265 sequens
734 3182 820 3249 bona
859 3188 922 3262 est,
960 3203 1075 3249 aversa
1107 3205 1128 3249 a
1164 3205 1216 3249 ra-

81 3317 166 3385 tione
189 3320 291 3385 mala:

182 3484 262 3565 „Est
283 3486 384 3569 igitur
407 3486 544 3552 Zenonis
573 3486 654 3553 haec
684 3485 845 3569 definitio,
869 3491 907 3553 ut
928 3486 1134 3573 perturbatio
1163 3490 1215 3570 sit,

181 3622 290 3706 „quod
311 3617 424 3701 πάθος
445 3625 500 3691 iile
524 3625 620 3709 dicit,
649 3646 807 3693 aversan
835 3633 926 3694 recta
948 3627 1077 3693 ratione
1100 3634 1215 3693 contra

149 4056 171 4120 ¹)
188 4057 254 4112 Ibid.
272 4058 318 4126 VI,
336 4059 369 4113 23
389 4075 452 4129 sqq3
470 4059 516 4125 VI,
534 4061 569 4112 68
587 4076 645 4130 sqq.

151 4152 171 4214 ²)
190 4150 275 4207 Stob.
293 4153 341 4208 ecl.
358 4154 393 4221 11,
414 4155 470 4208 162.

151 4245 172 4311 ⁸)
190 4246 280 4317 Dicg.
298 4249 390 4304 Laert.
408 4250 468 4317 VII,
488 4253 537 4305 115
556 4264 594 4319 sq.
