2834 4609
731 248 769 305 14

644 338 850 349 ...ι-...ιι-

282 487 453 581 ,,Ἀρέσκει
476 493 512 559 δὲ
534 489 645 570 αὐτοῖς
666 494 720 559 καὶ
739 492 798 581 τῆν
816 487 933 581 &pap
954 490 1102 577 διδακτῆν
1116 483 1209 569 εἶναι,
1228 487 1317 558 καθά

280 653 398 721 ,,φησνν
416 628 629 718 Ἀντισθένης
650 630 685 697 ἐν
705 636 753 716 τῷ
771 631 959 720 “Ηρακλεῖ.“
1067 721 1069 724 Ι

282 774 421 850 »Τεῖχος
443 764 684 858 ἀσφαλέστατον
714 765 899 858 φρόνησις.“
908 773 932 854 1)

282 902 697 986 ,,Τοῦ’Λνῑισθὲνόυς-τὸ
711 911 791 974 Δεῖν
801 912 939 973 κτᾶσθαι
953 911 1026 971 νοῦν
1044 902 1065 994 ἢ
1084 901 1232 996 βρόχον.“
1243 910 1267 992 2)

265 1046 374 1112 Etiam
412 1047 498 1111 Zeno
533 1068 643 1112 omnes
688 1047 826 1112 virtutes
868 1045 910 1112 ad
948 1038 1104 1133 φρόνησιν
1144 1066 1313 1112 revocasse

178 1187 345 1270 dicitur.³)

264 1324 409 1389 Persium
432 1324 493 1389 hao
516 1346 644 1409 quoque
666 1326 701 1390 in
723 1347 759 1389 re
782 1325 908 1390 Stoicos
939 1329 1114 1408 sequutum
1145 1344 1224 1404 esse,
1248 1325 1313 1388 iam

176 1486 216 1529 ex
245 1484 283 1528 eo
312 1463 434 1543 elucet,
472 1463 558 1547 quod
595 1464 747 1528 virtutem
777 1435 847 1528 esse
878 1464 1072 1548 sapientiam
1102 1463 1212 1527 satiris
1246 1462 1312 1527 suis

174 1604 317 1685 exponit.
340 1602 515 1667 Praeterea
537 1603 659 1686 apertis
683 1602 789 1667 verbis
812 1602 846 1666 in
869 1602 995 1681 satiris,
1036 1621 1135 1686 quum
1158 1600 1313 1685 depingat

175 1740 337 1807 hominem
370 1741 531 1824 sapientia
565 1745 664 1825 atque
706 1742 826 1805 virtute
854 1739 1057 1824 praeditum,
1095 1759 1253 1804 summam
1283 1739 1313 1801 ei

176 1878 293 1944 tribuit
314 1878 454 1959 laudem,
477 1878 564 1962 quod
587 1880 704 1959 suist,
729 1878 807 1963 quid
828 1880 949 1944 malum
980 1879 1024 1943 sit
1052 1877 1168 1961 quidve
1184 1877 1312 1943 bonum.

178 2019 230 2083 Ita
253 2023 313 2083 sat.
337 2017 383 2097 V,
416 2021 476 2081 104
505 2024 581 2082 ante
611 2019 718 2083 omnia
748 2019 905 2103 sapientis
936 2039 1005 2082 esse
1038 2015 1143 2097 effert,
1177 2014 1313 2096 „callere

128 2145 131 2152 “
178 2157 245 2222 veri
278 2156 417 2240 speeiem
455 2139 638 2237 dinoscere,
677 2163 810 2236 notare,
845 2177 928 2240 quae
962 2154 1127 2239 sequenda
1165 2173 1313 2236 quaeque

156 2294 329 2375 (evitanda
352 2297 445 2360 sint.“
475 2319 477 2328 ’

337 2432 428 2515 „Tibi
450 2454 549 2516 nuno,
572 2434 725 2508 hortante
748 2434 899 2514 Camena,

285 2570 507 2653 „Excutienda
529 2571 644 2637 damus
667 2570 869 2657 praecordia,
892 2577 1079 2656 quantaque
1101 2575 1233 2636 nostrae

285 2710 384 2793 „Pars
407 2714 465 2775 tua
488 2711 539 2792 sit,
564 2709 716 2791 cornute,
740 2711 876 2793 animae,
899 2709 970 2792 tibi,
994 2709 1097 2775 dulcis
1120 2709 1232 2789 amice,

286 2848 491 2942 „Ostendisse
513 2851 618 2930 iuvat3
641 2849 747 2934 pulsa,
770 2849 983 2916 dinoscere
1007 2855 1165 2928 cautus,

289 2987 393 3070 „Quid
414 2987 553 3079 solidum
575 2990 750 3074 crepet.⁴)“

255 3348 272 3410 ¹)
290 3343 352 3399 Dio
358 3361 384 3413 g.
402 3343 492 3399 Laert.
510 3344 556 3411 VI,
575 3345 632 3399 105.
651 3347 708 3399 113.

251 3469 274 3532 ²)
292 3465 380 3518 Plnt.
399 3464 432 3519 de
451 3465 530 3519 Stoio.
548 3479 661 3536 repugn.
681 3467 720 3519 14.

252 3587 271 3651 ³)
290 3585 322 3640 V.
341 3586 429 3640 Plut
461 3586 494 3639 de
527 3586 607 3642 Stoio.
640 3601 754 3656 repugn.
788 3591 817 3655 73
849 3587 940 3655 Diog.
972 3585 1063 3640 Laert.
1089 3587 1157 3653 VII,
1191 3587 1248 3640 125.
1280 3615 1310 3625 α

178 3681 266 3737 Multa
283 3680 454 3735 Antisthenis
477 3659 622 3752 piaeoepta
644 3681 781 3736 Zenonem
801 3681 944 3736 retinuisse
963 3682 1050 3735 elucet
1073 3697 1106 3735 ex
1131 3682 1215 3748 libro,
1235 3695 1312 3751 quem

179 3784 327 3853 composuit
345 3783 378 3836 de
400 3797 431 3837 re
452 3784 572 3853 puhliou3
591 3775 690 3848 „Tua
701 3775 795 3853 ἔλεγον
808 3776 949 3845 παίζοντες
958 3778 1001 3837 ἐπὶ
1014 3783 1064 3855 τῆς
1075 3781 1123 3837 τοῦ
1134 3759 1217 3842 κυνὸς
1228 3775 1310 3855 οὐρᾶς

179 3878 264 3956 αὐτὴν
290 3880 349 3957 (τὴν
373 3877 523 3952 πολιτείαν)
541 3881 735 3958 γεγραφέναι.“
755 3888 848 3958 Diog.
874 3888 964 3943 Laert.
983 3890 1041 3955 VII,
1059 3892 1087 3957 43
1113 3887 1152 3943 ef.
1172 3888 1260 3942 Plut.
1279 3886 1310 3941 de

178 3983 255 4038 Alex.
283 3982 344 4037 fort.
371 3982 397 4050 Ι,
430 3983 461 4050 6;
488 3982 576 4036 Sext.
610 3982 688 4051 Emp.
719 3983 781 4052 hyp.
809 3983 861 4050 111,
881 3986 930 4039 189
958 4000 1022 4054 sqq3
1044 3983 1108 4038 ibid.
1125 3984 1191 4051 2453
1217 3982 1310 4050 Diog.

177 4076 269 4131 Laert
286 4076 345 4143 VII,
363 4080 393 4145 ὃς
413 4076 476 4145 121;
497 4079 553 4130 187,

247 4196 268 4264 ⁴)
286 4196 364 4252 Satin.
382 4197 415 4263 V,
432 4198 465 4252 21
485 4213 543 4266 sqq.
