2834 4609
758 286 800 347 w

307 537 479 613 „naturam
492 533 592 600 animi
612 535 794 601 commotio.
821 534 961 614 Quidam
976 534 1105 602 brevius
1124 534 1336 622 perturbatio

308 692 402 752 „nem
418 692 487 738 esse
504 672 688 757 appetitum
703 672 985 753 vehementiorem,
1001 672 1060 740 sed
1072 673 1336 740 vehementiorem

308 829 403 890 „eum
431 808 544 875 volunt
575 831 661 894 esee,
692 813 749 896 qui
777 811 906 895 longius
936 810 1124 877 discesserit
1156 833 1178 876 a
1204 816 1337 877 naturae

308 949 580 1034 ,‚oonetantia.¹)“
604 948 650 1015 Et
672 947 845 1016 Stobaeus:

311 1133 451 1217 ,μάθος
466 1133 499 1202 δ’
512 1129 596 1204 εἷναί
610 1158 710 1226 φασιν
725 1129 828 1227 ὁρμὴν
843 1134 1083 1219 πλεονάζουσαν
1096 1139 1150 1205 καὶ
1166 1132 1287 1226 ἀπαθῆ
1300 1142 1340 1222 τῷ

310 1276 477 1365 „tripode-n
497 1270 592 1363 λόγῳ,
614 1269 637 1365 ἤ
657 1276 778 1365 κίνησιν
800 1278 910 1365 ψυχῆς
936 1275 1029 1366 παρὰ
1055 1271 1218 1366 φύσιν.’)“

290 1461 478 1535 Εὐπάθειαι
498 1474 589 1535 sunt:
616 1469 782 1535 voluntas:
807 1462 1002 1556 (βούλησις),
1030 1469 1137 1536 cautio
1153 1463 1340 1555 (εὐλάβεια),

203 1605 357 1690 gandium
380 1600 503 1695 (χαρά).

307 1771 455 1852 „Natura
470 1771 555 1838 enim
571 1792 682 1838 omnes
698 1793 747 1853 ea,
771 1794 855 1861 quae
876 1772 963 1840 bona
978 1772 1138 1854 ridentur,
1161 1779 1340 1858 sequuntur

309 1909 522 1995 „fugiuntque
552 1910 727 1977 contraria.
785 1912 889 1992 Quam
920 1909 961 1977 ob
991 1932 1061 1978 rem
1090 1911 1185 1978 simul
1215 1912 1342 1998 objecta

900 2014 908 2037 2

309 2050 453 2135 „speeies
483 2055 534 2115 est
564 2051 744 2135 cuiuspiam
774 2051 862 2135 quod
890 2051 1010 2117 bonum
1037 2052 1204 2134 videatur,
1241 2049 1342 2119 adid

308 2187 573 2274 „adipiscendum
596 2190 737 2275 impellit
758 2190 831 2275 ipse
853 2195 983 2257 natura.
1010 2191 1049 2256 Id
1072 2213 1171 2276 quum
1194 2197 1341 2258 constan·

280 2325 381 2407 '„ter
408 2327 650 2412 prudenterque
679 2326 732 2410 fit,
764 2329 833 2394 eius
860 2329 950 2395 modi
979 2331 1212 2415 appetitionem
1246 2328 1343 2397 Stoici

310 2456 481 2551 ,βούλησιν
502 2464 687 2550 appellant,
718 2486 777 2531 nos
801 2465 1002 2551 appellemus
1024 2466 1225 2532 voluntatem
1252 2517 1259 2532 .
1285 2517 1292 2531 .
1317 2471 1341 2529 .“

203 2697 206 2704 ι
315 2602 484 2691 ,‘‚Itemque
507 2624 608 2686 quum
630 2604 678 2670 ita
700 2624 874 2685 movemur,
897 2603 983 2670 utin
998 2600 1083 2670 bono
1107 2605 1207 2671 simus
1222 2607 1342 2690 aliquo,

310 2738 503 2826 „dupliciter
533 2739 567 2807 id
598 2740 767 2827 contingit.
818 2741 902 2808 Nam
932 2763 1030 2826 quum
1060 2732 1192 2808 ratione
1216 2744 1342 2808 animus

210 2963 212 2969 Ι
307 2887 476 2962 „movetur
497 2881 625 2967 placide
649 2885 749 2965 atque
772 2885 968 2961 constanter,
991 2885 1062 2946 turn
1084 2881 1167 2947 illud
1189 2882 1341 2965 gaudium

308 3019 459 3102 „dicitur
491 3059 535 3069 —-
564 3020 789 3103 Quoniamque
820 3024 858 3086 ut
886 3018 972 3087 bona
1000 2994 1119 3085 natura
1148 3020 1341 3104 appetimur,

307 3162 374 3243 „sio
401 3184 422 3227 a
437 3160 533 3226 malie
549 3164 669 3226 natura
685 3158 895 3241 declinamus,
919 3176 1003 3243 quae
1019 3158 1194 3226 declinatio
1217 3159 1244 3223 si
1270 3177 1340 3223 oum

307 3301 455 3382 „ratione
476 3298 543 3381 fiet,
567 3299 678 3364 cautio
700 3297 894 3383 appelletur.
906 3299 953 3385 3)“

291 3483 558 3559 Perturbationes
580 3497 657 3556 eunt
679 3494 838 3574 quatuor:

306 3646 414 3736 ‚311th
440 3646 558 3712 παθῶν
578 3644 633 3712 καὶ
654 3641 765 3733 Ζήνων
786 3641 820 3712 ἐν
838 3644 886 3731 τῷ
907 3644 985 3733 περὶ
1007 3646 1125 3709 παθῶν
1146 3658 1245 3731 φασιν
1261 3633 1341 3708 εἶναι

274 4055 294 4123 ¹)
313 4053 418 4108 Cicer.
437 4041 515 4107 Tusa.
533 4053 580 4119 IV,
598 4055 622 4121 6,
643 4056 683 4109 lL

273 4147 501 4215 &mmm

273 4240 295 4308 ³)
314 4240 416 4295 Cicer.
435 4240 513 4295 Tusc.
531 4241 577 4307 IV,
595 4242 619 4307 6,
639 4240 672 4294 12
689 4253 730 4308 sq.
