<?xml version="1.0" encoding="UTF-8"?>
<!DOCTYPE html PUBLIC "-//W3C//DTD XHTML 1.0 Transitional//EN"
    "http://www.w3.org/TR/xhtml1/DTD/xhtml1-transitional.dtd">
<html xmlns="http://www.w3.org/1999/xhtml" xml:lang="en" lang="en">
 <head>
  <title>
</title>
<meta http-equiv="Content-Type" content="text/html;charset=utf-8" />
  <meta name='ocr-system' content='tesseract 3.04.00' />
  <meta name='ocr-capabilities' content='ocr_page ocr_carea ocr_par ocr_line ocrx_word'/>
</head>
<body>
  <div class='ocr_page' id='page_1' title='image "./derationestoica00knicgoog_0043.png"; bbox 0 0 2834 4609; ppageno 0'>
   <div class='ocr_carea' id='block_1_1' title="bbox 629 247 774 342">
    <p class='ocr_par' dir='ltr' id='par_1_1' title="bbox 629 247 774 342">
     <span class='ocr_line' id='line_1_1' title="bbox 629 247 774 342; baseline -0.028 0"><span class='ocrx_word' id='word_1_1' title='bbox 629 247 774 342; x_wconf 73' lang='lat' dir='ltr'>ts</span> 
     </span>
    </p>
   </div>
   <div class='ocr_carea' id='block_1_2' title="bbox 547 360 754 371">
    <p class='ocr_par' dir='ltr' id='par_1_2' title="bbox 547 360 754 371">
     <span class='ocr_line' id='line_1_2' title="bbox 547 360 754 371; baseline -0.005 0"><span class='ocrx_word' id='word_1_2' title='bbox 547 360 754 371; x_wconf 75' lang='lat'>-—-———-</span> 
     </span>
    </p>
   </div>
   <div class='ocr_carea' id='block_1_3' title="bbox 77 516 1219 720">
    <p class='ocr_par' dir='ltr' id='par_1_3' title="bbox 77 516 1219 720">
     <span class='ocr_line' id='line_1_3' title="bbox 77 516 1219 601; baseline -0.002 -15"><span class='ocrx_word' id='word_1_3' title='bbox 77 516 245 598; x_wconf 78' lang='lat' dir='ltr'>efflueret,</span> <span class='ocrx_word' id='word_1_4' title='bbox 275 516 405 594; x_wconf 71' lang='lat' dir='ltr'>omuino</span> <span class='ocrx_word' id='word_1_5' title='bbox 433 517 585 590; x_wconf 82' lang='lat' dir='ltr'>omittere</span> <span class='ocrx_word' id='word_1_6' title='bbox 616 537 683 584; x_wconf 87' lang='lat' dir='ltr'>non</span> <span class='ocrx_word' id='word_1_7' title='bbox 711 521 880 600; x_wconf 57' lang='lat' dir='ltr'>witlant,</span> <span class='ocrx_word' id='word_1_8' title='bbox 910 516 967 592; x_wconf 83' lang='lat' dir='ltr'>sed</span> <span class='ocrx_word' id='word_1_9' title='bbox 996 516 1135 601; x_wconf 65' lang='lat' dir='ltr'>logicum</span> <span class='ocrx_word' id='word_1_10' title='bbox 1161 521 1219 590; x_wconf 70' lang='lat' dir='ltr'>eut</span> 
     </span>
     <span class='ocr_line' id='line_1_4' title="bbox 77 626 872 720; baseline 0 -28"><span class='ocrx_word' id='word_1_11' title='bbox 77 626 293 720; x_wconf 75' lang='lat' dir='ltr'>negligebant</span> <span class='ocrx_word' id='word_1_12' title='bbox 315 632 373 701; x_wconf 83' lang='lat' dir='ltr'>aut</span> <span class='ocrx_word' id='word_1_13' title='bbox 395 629 523 700; x_wconf 88' lang='lat' dir='ltr'>omnino</span> <span class='ocrx_word' id='word_1_14' title='bbox 546 648 612 704; x_wconf 86' lang='lat' dir='ltr'>non</span> <span class='ocrx_word' id='word_1_15' title='bbox 635 626 835 704; x_wconf 84' lang='lat' dir='ltr'>tractabant.</span> <span class='ocrx_word' id='word_1_16' title='bbox 847 629 872 716; x_wconf 86' lang='lat'>¹)</span> 
     </span>
    </p>
   </div>
   <div class='ocr_carea' id='block_1_4' title="bbox 52 765 1319 3235">
    <p class='ocr_par' dir='ltr' id='par_1_4' title="bbox 78 765 1220 1136">
     <span class='ocr_line' id='line_1_5' title="bbox 169 765 1219 860; baseline -0.003 -27"><span class='ocrx_word' id='word_1_17' title='bbox 169 767 300 837; x_wconf 81' lang='lat' dir='ltr'>Persius</span> <span class='ocrx_word' id='word_1_18' title='bbox 321 766 447 852; x_wconf 80' lang='lat' dir='ltr'>logicae</span> <span class='ocrx_word' id='word_1_19' title='bbox 469 787 504 833; x_wconf 88' lang='lat' dir='ltr'>se</span> <span class='ocrx_word' id='word_1_20' title='bbox 523 787 589 834; x_wconf 89' lang='lat' dir='ltr'>non</span> <span class='ocrx_word' id='word_1_21' title='bbox 608 767 759 854; x_wconf 81' lang='lat' dir='ltr'>ignarum</span> <span class='ocrx_word' id='word_1_22' title='bbox 773 765 872 846; x_wconf 81' lang='lat' dir='ltr'>fuisse</span> <span class='ocrx_word' id='word_1_23' title='bbox 886 765 1012 848; x_wconf 77' lang='lat' dir='ltr'>indicat</span> <span class='ocrx_word' id='word_1_24' title='bbox 1026 765 1064 860; x_wconf 74' lang='lat' dir='ltr'>V,</span> <span class='ocrx_word' id='word_1_25' title='bbox 1080 769 1219 849; x_wconf 56' lang='lat' dir='ltr'>83*le</span> 
     </span>
     <span class='ocr_line' id='line_1_6' title="bbox 78 864 1220 994; baseline -0.001 -24"><span class='ocrx_word' id='word_1_26' title='bbox 78 902 139 970; x_wconf 90' lang='lat' dir='ltr'>ubi</span> <span class='ocrx_word' id='word_1_27' title='bbox 163 903 278 970; x_wconf 86' lang='lat' dir='ltr'>falsam</span> <span class='ocrx_word' id='word_1_28' title='bbox 300 903 393 971; x_wconf 88' lang='lat' dir='ltr'>nobis</span> <span class='ocrx_word' id='word_1_29' title='bbox 415 904 569 994; x_wconf 86' lang='lat' dir='ltr'>proponit</span> <span class='ocrx_word' id='word_1_30' title='bbox 580 864 728 982; x_wconf 28' lang='lat' dir='ltr'>‘rahonis</span> <span class='ocrx_word' id='word_1_31' title='bbox 751 904 1005 992; x_wconf 68' lang='lat' dir='ltr'>conclusionem,</span> <span class='ocrx_word' id='word_1_32' title='bbox 1036 907 1070 979; x_wconf 91' lang='lat' dir='ltr'>et</span> <span class='ocrx_word' id='word_1_33' title='bbox 1091 902 1154 985; x_wconf 70' lang='lat' dir='ltr'>Vh,</span> <span class='ocrx_word' id='word_1_34' title='bbox 1177 907 1220 980; x_wconf 74' lang='grc'>80</span> 
     </span>
     <span class='ocr_line' id='line_1_7' title="bbox 79 1038 917 1136; baseline 0.002 -32"><span class='ocrx_word' id='word_1_35' title='bbox 79 1038 139 1106; x_wconf 92' lang='lat' dir='ltr'>ubi</span> <span class='ocrx_word' id='word_1_36' title='bbox 162 1040 202 1108; x_wconf 80' lang='lat' dir='ltr'>cle</span> <span class='ocrx_word' id='word_1_37' title='bbox 225 1041 396 1130; x_wconf 79' lang='lat' dir='ltr'>Chrysippi</span> <span class='ocrx_word' id='word_1_38' title='bbox 420 1041 522 1108; x_wconf 82' lang='lat' dir='ltr'>Stoici</span> <span class='ocrx_word' id='word_1_39' title='bbox 544 1041 742 1126; x_wconf 79' lang='lat' dir='ltr'>sophismate</span> <span class='ocrx_word' id='word_1_40' title='bbox 764 1041 917 1136; x_wconf 86' lang='lat' dir='ltr'>loquitur.</span> 
     </span>
    </p>

    <p class='ocr_par' dir='ltr' id='par_1_5' title="bbox 78 1176 1221 1412">
     <span class='ocr_line' id='line_1_8' title="bbox 172 1176 1221 1273; baseline 0 -29"><span class='ocrx_word' id='word_1_41' title='bbox 172 1177 237 1245; x_wconf 87' lang='lat' dir='ltr'>Sed</span> <span class='ocrx_word' id='word_1_42' title='bbox 259 1177 420 1263; x_wconf 87' lang='lat' dir='ltr'>quomodo</span> <span class='ocrx_word' id='word_1_43' title='bbox 444 1177 618 1256; x_wconf 79' lang='lat' dir='ltr'>cohaereat</span> <span class='ocrx_word' id='word_1_44' title='bbox 638 1177 745 1264; x_wconf 77' lang='lat' dir='ltr'>logica</span> <span class='ocrx_word' id='word_1_45' title='bbox 768 1198 841 1244; x_wconf 90' lang='lat' dir='ltr'>oum</span> <span class='ocrx_word' id='word_1_46' title='bbox 864 1179 981 1254; x_wconf 82' lang='lat' dir='ltr'>ceteris</span> <span class='ocrx_word' id='word_1_47' title='bbox 995 1176 1221 1273; x_wconf 62' lang='lat' dir='ltr'>philosophiae</span> 
     </span>
     <span class='ocr_line' id='line_1_9' title="bbox 78 1314 969 1412; baseline -0.001 -32"><span class='ocrx_word' id='word_1_48' title='bbox 78 1314 242 1406; x_wconf 87' lang='lat' dir='ltr'>partibus,</span> <span class='ocrx_word' id='word_1_49' title='bbox 265 1316 354 1386; x_wconf 91' lang='lat' dir='ltr'>nullo</span> <span class='ocrx_word' id='word_1_50' title='bbox 377 1315 475 1383; x_wconf 86' lang='lat' dir='ltr'>modo</span> <span class='ocrx_word' id='word_1_51' title='bbox 496 1336 536 1382; x_wconf 85' lang='lat' dir='ltr'>ex</span> <span class='ocrx_word' id='word_1_52' title='bbox 558 1317 667 1383; x_wconf 87' lang='lat' dir='ltr'>satiris</span> <span class='ocrx_word' id='word_1_53' title='bbox 688 1317 830 1412; x_wconf 80' lang='lat' dir='ltr'>perspici</span> <span class='ocrx_word' id='word_1_54' title='bbox 851 1320 969 1404; x_wconf 80' lang='lat' dir='ltr'>potest.</span> 
     </span>
    </p>

    <p class='ocr_par' dir='ltr' id='par_1_6' title="bbox 81 1452 1220 1677">
     <span class='ocr_line' id='line_1_10' title="bbox 171 1452 1220 1539; baseline 0.001 -21"><span class='ocrx_word' id='word_1_55' title='bbox 171 1452 328 1537; x_wconf 80' lang='lat' dir='ltr'>Physicae</span> <span class='ocrx_word' id='word_1_56' title='bbox 359 1452 508 1539; x_wconf 87' lang='lat' dir='ltr'>pluribus</span> <span class='ocrx_word' id='word_1_57' title='bbox 535 1454 616 1520; x_wconf 90' lang='lat' dir='ltr'>locis</span> <span class='ocrx_word' id='word_1_58' title='bbox 645 1453 684 1519; x_wconf 91' lang='lat' dir='ltr'>fit</span> <span class='ocrx_word' id='word_1_59' title='bbox 713 1457 845 1526; x_wconf 81' lang='lat' dir='ltr'>mentio.</span> <span class='ocrx_word' id='word_1_60' title='bbox 900 1454 953 1528; x_wconf 87' lang='lat' dir='ltr'>Ita</span> <span class='ocrx_word' id='word_1_61' title='bbox 988 1474 1006 1528; x_wconf 84' lang='lat' dir='ltr'>e</span> <span class='ocrx_word' id='word_1_62' title='bbox 1036 1452 1220 1536; x_wconf 75' lang='lat' dir='ltr'>Stoicorum</span> 
     </span>
     <span class='ocr_line' id='line_1_11' title="bbox 81 1590 895 1677; baseline 0.004 -23"><span class='ocrx_word' id='word_1_63' title='bbox 81 1592 214 1657; x_wconf 86' lang='lat' dir='ltr'>ratione</span> <span class='ocrx_word' id='word_1_64' title='bbox 236 1592 411 1677; x_wconf 73' lang='lat' dir='ltr'>sumpsisse</span> <span class='ocrx_word' id='word_1_65' title='bbox 433 1590 513 1660; x_wconf 89' lang='lat' dir='ltr'>mihi</span> <span class='ocrx_word' id='word_1_66' title='bbox 534 1591 663 1668; x_wconf 77' lang='lat' dir='ltr'>videtur</span> <span class='ocrx_word' id='word_1_67' title='bbox 684 1593 895 1672; x_wconf 81' lang='lat' dir='ltr'>sententiam:</span> 
     </span>
    </p>

    <p class='ocr_par' dir='ltr' id='par_1_7' title="bbox 240 1746 1202 1849">
     <span class='ocr_line' id='line_1_12' title="bbox 240 1746 1202 1849; baseline 0.002 -20"><span class='ocrx_word' id='word_1_68' title='bbox 240 1746 359 1830; x_wconf 80' lang='lat' dir='ltr'>„Gigni</span> <span class='ocrx_word' id='word_1_69' title='bbox 1071 1796 1073 1798; x_wconf 95' lang='lat'>·</span> <span class='ocrx_word' id='word_1_70' title='bbox 1199 1843 1202 1849; x_wconf 45' lang='grc'><em>,</em></span> 
     </span>
    </p>

    <p class='ocr_par' dir='ltr' id='par_1_8' title="bbox 189 1884 1160 1972">
     <span class='ocr_line' id='line_1_13' title="bbox 189 1884 1160 1972; baseline 0.002 -23"><span class='ocrx_word' id='word_1_71' title='bbox 189 1884 258 1966; x_wconf 90' lang='lat' dir='ltr'>„De</span> <span class='ocrx_word' id='word_1_72' title='bbox 280 1884 382 1959; x_wconf 84' lang='lat' dir='ltr'>nihilo</span> <span class='ocrx_word' id='word_1_73' title='bbox 405 1885 552 1968; x_wconf 83' lang='lat' dir='ltr'>nihilum,</span> <span class='ocrx_word' id='word_1_74' title='bbox 574 1887 609 1960; x_wconf 86' lang='lat' dir='ltr'>in</span> <span class='ocrx_word' id='word_1_75' title='bbox 631 1886 768 1958; x_wconf 85' lang='lat' dir='ltr'>nihilum</span> <span class='ocrx_word' id='word_1_76' title='bbox 789 1886 837 1953; x_wconf 90' lang='lat' dir='ltr'>nil</span> <span class='ocrx_word' id='word_1_77' title='bbox 856 1906 953 1972; x_wconf 78' lang='lat' dir='ltr'>posse</span> <span class='ocrx_word' id='word_1_78' title='bbox 974 1887 1160 1971; x_wconf 74' lang='lat' dir='ltr'>reverti.¹)“</span> 
     </span>
    </p>

    <p class='ocr_par' dir='ltr' id='par_1_9' title="bbox 52 2046 1319 3235">
     <span class='ocr_line' id='line_1_14' title="bbox 175 2046 1222 2142; baseline 0.001 -29"><span class='ocrx_word' id='word_1_79' title='bbox 175 2046 378 2142; x_wconf 75' lang='lat' dir='ltr'>Quamquam</span> <span class='ocrx_word' id='word_1_80' title='bbox 410 2051 496 2126; x_wconf 80' lang='lat' dir='ltr'>enim</span> <span class='ocrx_word' id='word_1_81' title='bbox 531 2070 642 2131; x_wconf 71' lang='lat' dir='ltr'>omues</span> <span class='ocrx_word' id='word_1_82' title='bbox 674 2048 743 2128; x_wconf 72' lang='lat' dir='ltr'>iere</span> <span class='ocrx_word' id='word_1_83' title='bbox 781 2049 964 2140; x_wconf 75' lang='lat' dir='ltr'>philosophi</span> <span class='ocrx_word' id='word_1_84' title='bbox 999 2055 1125 2130; x_wconf 82' lang='lat' dir='ltr'>veteres</span> <span class='ocrx_word' id='word_1_85' title='bbox 1159 2047 1222 2115; x_wconf 87' lang='lat' dir='ltr'>hoc</span> 
     </span>
     <span class='ocr_line' id='line_1_15' title="bbox 86 2186 1221 2282; baseline -0.007 -24"><span class='ocrx_word' id='word_1_86' title='bbox 86 2205 247 2264; x_wconf 74' lang='lat' dir='ltr'>summum</span> <span class='ocrx_word' id='word_1_87' title='bbox 261 2187 412 2278; x_wconf 79' lang='lat' dir='ltr'>physicae</span> <span class='ocrx_word' id='word_1_88' title='bbox 427 2188 584 2273; x_wconf 78' lang='lat' dir='ltr'>placitum</span> <span class='ocrx_word' id='word_1_89' title='bbox 594 2187 791 2282; x_wconf 83' lang='lat' dir='ltr'>proponunt,</span> <span class='ocrx_word' id='word_1_90' title='bbox 807 2187 888 2262; x_wconf 84' lang='lat' dir='ltr'>nihil</span> <span class='ocrx_word' id='word_1_91' title='bbox 903 2193 962 2272; x_wconf 84' lang='lat' dir='ltr'>est,</span> <span class='ocrx_word' id='word_1_92' title='bbox 977 2186 1066 2276; x_wconf 81' lang='lat' dir='ltr'>quod</span> <span class='ocrx_word' id='word_1_93' title='bbox 1075 2188 1221 2256; x_wconf 87' lang='lat' dir='ltr'>Persium</span> 
     </span>
     <span class='ocr_line' id='line_1_16' title="bbox 85 2296 1319 2415; baseline 0.002 -28"><span class='ocrx_word' id='word_1_94' title='bbox 85 2323 137 2388; x_wconf 89' lang='lat' dir='ltr'>his</span> <span class='ocrx_word' id='word_1_95' title='bbox 163 2322 269 2389; x_wconf 85' lang='lat' dir='ltr'>verbis</span> <span class='ocrx_word' id='word_1_96' title='bbox 300 2324 444 2391; x_wconf 87' lang='lat' dir='ltr'>Stoicam</span> <span class='ocrx_word' id='word_1_97' title='bbox 471 2325 640 2410; x_wconf 81' lang='lat' dir='ltr'>physicam</span> <span class='ocrx_word' id='word_1_98' title='bbox 669 2326 815 2409; x_wconf 80' lang='lat' dir='ltr'>tetigisse</span> <span class='ocrx_word' id='word_1_99' title='bbox 850 2346 1014 2415; x_wconf 63' lang='lat' dir='ltr'>negemus·</span> <span class='ocrx_word' id='word_1_100' title='bbox 1064 2325 1221 2409; x_wconf 67' lang='lat' dir='ltr'>Physica</span> <span class='ocrx_word' id='word_1_101' title='bbox 1313 2296 1319 2305; x_wconf 30' lang='grc' dir='ltr'>ι</span> 
     </span>
     <span class='ocr_line' id='line_1_17' title="bbox 88 2449 1222 2548; baseline 0.004 -24"><span class='ocrx_word' id='word_1_102' title='bbox 88 2458 218 2545; x_wconf 88' lang='lat' dir='ltr'>quidem</span> <span class='ocrx_word' id='word_1_103' title='bbox 245 2461 344 2528; x_wconf 87' lang='lat' dir='ltr'>etiam</span> <span class='ocrx_word' id='word_1_104' title='bbox 373 2463 413 2527; x_wconf 91' lang='lat' dir='ltr'>de</span> <span class='ocrx_word' id='word_1_105' title='bbox 443 2462 505 2528; x_wconf 87' lang='lat' dir='ltr'>diis</span> <span class='ocrx_word' id='word_1_106' title='bbox 537 2463 761 2548; x_wconf 86' lang='lat' dir='ltr'>quaestionem</span> <span class='ocrx_word' id='word_1_107' title='bbox 790 2461 979 2529; x_wconf 83' lang='lat' dir='ltr'>tribuebant</span> <span class='ocrx_word' id='word_1_108' title='bbox 1010 2462 1127 2543; x_wconf 86' lang='lat' dir='ltr'>Stoici,</span> <span class='ocrx_word' id='word_1_109' title='bbox 1165 2449 1222 2529; x_wconf 78' lang='lat' dir='ltr'>sed</span> 
     </span>
     <span class='ocr_line' id='line_1_18' title="bbox 52 2598 1220 2686; baseline 0.003 -23"><span class='ocrx_word' id='word_1_110' title='bbox 52 2631 59 2638; x_wconf 91' lang='lat'>·</span> <span class='ocrx_word' id='word_1_111' title='bbox 87 2620 176 2683; x_wconf 76' lang='lat' dir='ltr'>quae.</span> <span class='ocrx_word' id='word_1_112' title='bbox 194 2598 234 2664; x_wconf 89' lang='lat' dir='ltr'>de</span> <span class='ocrx_word' id='word_1_113' title='bbox 256 2600 296 2665; x_wconf 90' lang='lat' dir='ltr'>iis</span> <span class='ocrx_word' id='word_1_114' title='bbox 317 2600 502 2685; x_wconf 80' lang='lat' dir='ltr'>placuerint</span> <span class='ocrx_word' id='word_1_115' title='bbox 523 2599 650 2683; x_wconf 89' lang='lat' dir='ltr'>Persio,</span> <span class='ocrx_word' id='word_1_116' title='bbox 681 2602 789 2685; x_wconf 89' lang='lat' dir='ltr'>capite</span> <span class='ocrx_word' id='word_1_117' title='bbox 819 2607 936 2686; x_wconf 89' lang='lat' dir='ltr'>quarto</span> <span class='ocrx_word' id='word_1_118' title='bbox 966 2600 1220 2685; x_wconf 79' lang='lat' dir='ltr'>explanabimus.</span> 
     </span>
     <span class='ocr_line' id='line_1_19' title="bbox 88 2736 1222 2832; baseline 0 -29"><span class='ocrx_word' id='word_1_119' title='bbox 88 2736 154 2803; x_wconf 76' lang='lat' dir='ltr'>Secl</span> <span class='ocrx_word' id='word_1_120' title='bbox 183 2739 306 2822; x_wconf 84' lang='lat' dir='ltr'>apertis</span> <span class='ocrx_word' id='word_1_121' title='bbox 335 2737 442 2804; x_wconf 86' lang='lat' dir='ltr'>verbis</span> <span class='ocrx_word' id='word_1_122' title='bbox 475 2738 515 2805; x_wconf 88' lang='lat' dir='ltr'>de</span> <span class='ocrx_word' id='word_1_123' title='bbox 543 2739 679 2824; x_wconf 79' lang='lat' dir='ltr'>physica</span> <span class='ocrx_word' id='word_1_124' title='bbox 705 2740 839 2832; x_wconf 87' lang='lat' dir='ltr'>eiusque</span> <span class='ocrx_word' id='word_1_125' title='bbox 865 2761 968 2821; x_wconf 84' lang='lat' dir='ltr'>nexu,</span> <span class='ocrx_word' id='word_1_126' title='bbox 998 2760 1094 2822; x_wconf 89' lang='lat' dir='ltr'>quem</span> <span class='ocrx_word' id='word_1_127' title='bbox 1123 2737 1222 2806; x_wconf 87' lang='lat' dir='ltr'>habet</span> 
     </span>
     <span class='ocr_line' id='line_1_20' title="bbox 88 2851 1217 2962; baseline 0.002 -23"><span class='ocrx_word' id='word_1_128' title='bbox 88 2896 163 2940; x_wconf 89' lang='lat' dir='ltr'>cum</span> <span class='ocrx_word' id='word_1_129' title='bbox 184 2874 306 2957; x_wconf 90' lang='lat' dir='ltr'>ethica,</span> <span class='ocrx_word' id='word_1_130' title='bbox 334 2876 442 2960; x_wconf 84' lang='lat' dir='ltr'>agitur</span> <span class='ocrx_word' id='word_1_131' title='bbox 464 2876 530 2958; x_wconf 89' lang='lat' dir='ltr'>III,</span> <span class='ocrx_word' id='word_1_132' title='bbox 562 2851 602 2941; x_wconf 74' lang='grc'>66</span> <span class='ocrx_word' id='word_1_133' title='bbox 625 2898 714 2962; x_wconf 89' lang='lat' dir='ltr'>sqq.,</span> <span class='ocrx_word' id='word_1_134' title='bbox 744 2899 825 2962; x_wconf 87' lang='lat' dir='ltr'>quos</span> <span class='ocrx_word' id='word_1_135' title='bbox 847 2899 958 2945; x_wconf 86' lang='lat' dir='ltr'>versus</span> <span class='ocrx_word' id='word_1_136' title='bbox 987 2877 1057 2960; x_wconf 88' lang='lat' dir='ltr'>jam</span> <span class='ocrx_word' id='word_1_137' title='bbox 1088 2897 1163 2962; x_wconf 81' lang='lat' dir='ltr'>pag.</span> <span class='ocrx_word' id='word_1_138' title='bbox 1189 2881 1217 2941; x_wconf 83' lang='lat'>6.</span> 
     </span>
     <span class='ocr_line' id='line_1_21' title="bbox 87 3011 1221 3104; baseline 0.001 -27"><span class='ocrx_word' id='word_1_139' title='bbox 87 3011 298 3078; x_wconf 77' lang='lat' dir='ltr'>laudavimus.</span> <span class='ocrx_word' id='word_1_140' title='bbox 367 3012 430 3091; x_wconf 84' lang='lat' dir='ltr'>Qui</span> <span class='ocrx_word' id='word_1_141' title='bbox 464 3014 556 3080; x_wconf 88' lang='lat' dir='ltr'>locus</span> <span class='ocrx_word' id='word_1_142' title='bbox 597 3014 832 3099; x_wconf 79' lang='lat' dir='ltr'>interpretibus</span> <span class='ocrx_word' id='word_1_143' title='bbox 873 3035 1026 3104; x_wconf 85' lang='lat' dir='ltr'>magnam</span> <span class='ocrx_word' id='word_1_144' title='bbox 1067 3013 1221 3099; x_wconf 88' lang='lat' dir='ltr'>praebuit</span> 
     </span>
     <span class='ocr_line' id='line_1_22' title="bbox 90 3147 1222 3235; baseline 0.002 -19"><span class='ocrx_word' id='word_1_145' title='bbox 90 3147 326 3233; x_wconf 65' lang='lat' dir='ltr'>difficultatem</span> <span class='ocrx_word' id='word_1_146' title='bbox 355 3153 501 3235; x_wconf 74' lang='lat' dir='ltr'>quamvis</span> <span class='ocrx_word' id='word_1_147' title='bbox 523 3153 609 3218; x_wconf 92' lang='lat' dir='ltr'>enim</span> <span class='ocrx_word' id='word_1_148' title='bbox 630 3153 735 3219; x_wconf 89' lang='lat' dir='ltr'>multa</span> <span class='ocrx_word' id='word_1_149' title='bbox 756 3154 929 3219; x_wconf 86' lang='lat' dir='ltr'>attulerint</span> <span class='ocrx_word' id='word_1_150' title='bbox 950 3154 1012 3219; x_wconf 81' lang='lat' dir='ltr'>viri</span> <span class='ocrx_word' id='word_1_151' title='bbox 1034 3152 1222 3233; x_wconf 82' lang='lat' dir='ltr'>doctissimi,</span> 
     </span>
    </p>
   </div>
   <div class='ocr_carea' id='block_1_5' title="bbox 87 3288 1223 3372">
    <p class='ocr_par' dir='ltr' id='par_1_10' title="bbox 87 3288 1223 3372">
     <span class='ocr_line' id='line_1_23' title="bbox 87 3288 1223 3372; baseline 0.003 -19"><span class='ocrx_word' id='word_1_152' title='bbox 87 3292 197 3353; x_wconf 89' lang='lat' dir='ltr'>tamen</span> <span class='ocrx_word' id='word_1_153' title='bbox 219 3310 331 3355; x_wconf 88' lang='lat' dir='ltr'>omnes</span> <span class='ocrx_word' id='word_1_154' title='bbox 351 3288 486 3356; x_wconf 88' lang='lat' dir='ltr'>haerere</span> <span class='ocrx_word' id='word_1_155' title='bbox 508 3290 588 3355; x_wconf 89' lang='lat' dir='ltr'>mihi</span> <span class='ocrx_word' id='word_1_156' title='bbox 609 3290 715 3357; x_wconf 84' lang='lat' dir='ltr'>adhue</span> <span class='ocrx_word' id='word_1_157' title='bbox 736 3290 895 3357; x_wconf 79' lang='lat' dir='ltr'>videntur.</span> <span class='ocrx_word' id='word_1_158' title='bbox 933 3290 1123 3372; x_wconf 84' lang='lat' dir='ltr'>Videamus,</span> <span class='ocrx_word' id='word_1_159' title='bbox 1145 3311 1223 3357; x_wconf 90' lang='lat' dir='ltr'>num</span> 
     </span>
    </p>
   </div>
   <div class='ocr_carea' id='block_1_6' title="bbox 87 3425 1222 3516">
    <p class='ocr_par' dir='ltr' id='par_1_11' title="bbox 87 3425 1222 3516">
     <span class='ocr_line' id='line_1_24' title="bbox 87 3425 1222 3516; baseline 0.004 -27"><span class='ocrx_word' id='word_1_160' title='bbox 87 3425 213 3492; x_wconf 87' lang='lat' dir='ltr'>ratione</span> <span class='ocrx_word' id='word_1_161' title='bbox 236 3425 348 3494; x_wconf 86' lang='lat' dir='ltr'>Stoica</span> <span class='ocrx_word' id='word_1_162' title='bbox 370 3426 518 3495; x_wconf 86' lang='lat' dir='ltr'>adhibita</span> <span class='ocrx_word' id='word_1_163' title='bbox 539 3430 574 3493; x_wconf 90' lang='lat' dir='ltr'>in</span> <span class='ocrx_word' id='word_1_164' title='bbox 595 3428 702 3495; x_wconf 85' lang='lat' dir='ltr'>lucem</span> <span class='ocrx_word' id='word_1_165' title='bbox 723 3428 869 3513; x_wconf 88' lang='lat' dir='ltr'>proferre</span> <span class='ocrx_word' id='word_1_166' title='bbox 892 3449 1021 3495; x_wconf 86' lang='lat' dir='ltr'>sensum</span> <span class='ocrx_word' id='word_1_167' title='bbox 1052 3430 1222 3516; x_wconf 88' lang='lat' dir='ltr'>possimus.</span> 
     </span>
    </p>
   </div>
   <div class='ocr_carea' id='block_1_7' title="bbox 86 3615 1223 3841">
    <p class='ocr_par' dir='ltr' id='par_1_12' title="bbox 86 3615 1223 3841">
     <span class='ocr_line' id='line_1_25' title="bbox 175 3615 1223 3712; baseline 0.002 -32"><span class='ocrx_word' id='word_1_168' title='bbox 175 3615 338 3696; x_wconf 86' lang='lat' dir='ltr'>„Discite“</span> <span class='ocrx_word' id='word_1_169' title='bbox 368 3616 517 3685; x_wconf 88' lang='lat' dir='ltr'>absolute</span> <span class='ocrx_word' id='word_1_170' title='bbox 548 3619 691 3703; x_wconf 87' lang='lat' dir='ltr'>positum</span> <span class='ocrx_word' id='word_1_171' title='bbox 721 3623 772 3685; x_wconf 88' lang='lat' dir='ltr'>cst</span> <span class='ocrx_word' id='word_1_172' title='bbox 806 3641 827 3685; x_wconf 88' lang='lat' dir='ltr'>a</span> <span class='ocrx_word' id='word_1_173' title='bbox 854 3623 952 3704; x_wconf 87' lang='lat' dir='ltr'>poeta</span> <span class='ocrx_word' id='word_1_174' title='bbox 985 3624 1019 3685; x_wconf 89' lang='lat' dir='ltr'>et</span> <span class='ocrx_word' id='word_1_175' title='bbox 1046 3618 1223 3712; x_wconf 77' lang='lat' dir='ltr'>significat:</span> 
     </span>
     <span class='ocr_line' id='line_1_26' title="bbox 86 3751 1223 3841; baseline 0.005 -25"><span class='ocrx_word' id='word_1_176' title='bbox 86 3751 242 3820; x_wconf 72' lang='lat' dir='ltr'>¹lhaotate</span> <span class='ocrx_word' id='word_1_177' title='bbox 263 3754 518 3841; x_wconf 86' lang='lat' dir='ltr'>philosophiam,</span> <span class='ocrx_word' id='word_1_178' title='bbox 542 3755 658 3822; x_wconf 89' lang='lat' dir='ltr'>studiis</span> <span class='ocrx_word' id='word_1_179' title='bbox 682 3778 815 3840; x_wconf 88' lang='lat' dir='ltr'>operam</span> <span class='ocrx_word' id='word_1_180' title='bbox 838 3756 931 3839; x_wconf 81' lang='lat' dir='ltr'>date3</span> <span class='ocrx_word' id='word_1_181' title='bbox 963 3756 1116 3824; x_wconf 84' lang='lat' dir='ltr'>discendo</span> <span class='ocrx_word' id='word_1_182' title='bbox 1138 3757 1223 3822; x_wconf 86' lang='lat' dir='ltr'>enim</span> 
     </span>
    </p>
   </div>
   <div class='ocr_carea' id='block_1_8' title="bbox 156 4122 845 4286">
    <p class='ocr_par' dir='ltr' id='par_1_13' title="bbox 156 4122 845 4286">
     <span class='ocr_line' id='line_1_27' title="bbox 158 4122 811 4194; baseline 0.002 -18"><span class='ocrx_word' id='word_1_183' title='bbox 158 4123 177 4192; x_wconf 88' lang='lat'>¹)</span> <span class='ocrx_word' id='word_1_184' title='bbox 193 4122 288 4193; x_wconf 81' lang='lat' dir='ltr'>Dicg.</span> <span class='ocrx_word' id='word_1_185' title='bbox 306 4123 397 4179; x_wconf 83' lang='lat' dir='ltr'>Lae1t.</span> <span class='ocrx_word' id='word_1_186' title='bbox 414 4124 474 4190; x_wconf 78' lang='lat' dir='ltr'>VII,</span> <span class='ocrx_word' id='word_1_187' title='bbox 491 4126 538 4191; x_wconf 79' lang='lat'>43;</span> <span class='ocrx_word' id='word_1_188' title='bbox 557 4127 602 4192; x_wconf 80' lang='lat'>913</span> <span class='ocrx_word' id='word_1_189' title='bbox 620 4124 691 4178; x_wconf 86' lang='lat' dir='ltr'>Seu.</span> <span class='ocrx_word' id='word_1_190' title='bbox 711 4140 752 4194; x_wconf 87' lang='lat' dir='ltr'>ep.</span> <span class='ocrx_word' id='word_1_191' title='bbox 770 4128 811 4178; x_wconf 88' lang='grc'>49.</span> 
     </span>
     <span class='ocr_line' id='line_1_28' title="bbox 156 4217 845 4286; baseline 0.003 -14"><span class='ocrx_word' id='word_1_192' title='bbox 156 4217 177 4286; x_wconf 82' lang='lat'>²)</span> <span class='ocrx_word' id='word_1_193' title='bbox 195 4218 273 4273; x_wconf 81' lang='lat' dir='ltr'>Satir.</span> <span class='ocrx_word' id='word_1_194' title='bbox 292 4219 340 4286; x_wconf 91' lang='lat' dir='ltr'>III,</span> <span class='ocrx_word' id='word_1_195' title='bbox 357 4220 398 4274; x_wconf 71' lang='lat'>84„</span> <span class='ocrx_word' id='word_1_196' title='bbox 844 4233 845 4236; x_wconf 72' lang='grc'>’</span> 
     </span>
    </p>
   </div>
   <div class='ocr_carea' id='block_1_9' title="bbox 0 0 1424 4609">
    <p class='ocr_par' dir='ltr' id='par_1_14' title="bbox 0 0 1424 4609">
     <span class='ocr_line' id='line_1_29' title="bbox 0 0 1424 4609; baseline 0 0"><span class='ocrx_word' id='word_1_197' title='bbox 0 0 1424 4609; x_wconf 95' lang='lat' dir='ltr'> </span> 
     </span>
    </p>
   </div>
  </div>
 </body>
</html>
