2834 4609
691 267 709 326 7

130 541 160 585 v.
174 524 225 585 58.
241 518 379 601 ,Stertis
399 516 516 596 adhuc,
537 514 713 598 laxumque
734 517 835 598 caput
857 531 1013 597 compage
1035 511 1144 578 soluta
1195 584 1197 590 ,

240 656 386 739 ,Osoitat
407 655 609 733 hesternum,
627 652 761 719 dissutis
775 650 926 735 ,undique
948 650 1060 716 malis!

162 801 213 861 60.
240 795 320 876 ,Est
343 792 468 878 aliquid
491 812 555 876 quo
577 790 695 872 tendis,
719 790 808 855 etin
830 810 895 873 quo
917 787 1031 873 dirigis
1053 787 1188 854 arcum?
1248 801 1254 814 ¹

90 902 92 906 Ι
239 935 308 1017 ,An
329 932 451 1017 passim
474 929 620 1014 sequeris
643 949 757 995 corvos
780 932 930 1012 testaque
952 926 1096 1010 lutoque,

134 1153 139 1160 1
239 1072 396 1154 ,Securus
417 1090 482 1154 quo
503 1066 678 1154 pecierat,
702 1072 800 1151 atque
823 1087 863 1132 ex
885 1069 1031 1150 tempore
1053 1064 1171 1131 vivie?“

218 1234 343 1302 Deinde
360 1234 468 1301 Stoico
483 1234 608 1316 more1)
631 1229 875 1297 similitudinem
890 1228 986 1295 affert
1007 1248 1144 1314 corpore
1156 1243 1269 1313 aegro·

132 1362 235 1441 tantis
254 1394 329 1439 cum
351 1394 399 1454 eo,
423 1372 480 1456 qui
502 1372 731 1454 animoaegcr
752 1373 816 1433 est:

240 1535 469 1619 „Hellcborum
492 1534 625 1617 frustra,
651 1555 749 1619 quam
770 1534 836 1599 iam
852 1533 935 1599 cutis
957 1554 1056 1618 aegra
1076 1528 1223 1613 tumebit,

168 1641 170 1644 ι
238 1675 430 1757 ,Pascentes
452 1674 579 1740 rideas:
609 1673 752 1739 venienti
774 1672 936 1738 occurrite
958 1670 1088 1737 morbo!

240 1811 302 1896 ,Et
324 1812 402 1897 quid
425 1833 506 1896 opus
529 1793 665 1878 Cratero
674 1813 700 1897 ²)
727 1832 863 1896 magnos
884 1812 1074 1897 promittere
1097 1809 1263 1877 montes?“

220 1945 285 2017 Sed
306 1950 436 2016 Persius
458 1971 523 2016 non
538 1949 653 2031 solum,
677 1949 766 2033 quod
788 1956 839 2015 cst
852 1949 985 2029 satirici,
1008 1947 1176 2014 hominum
1196 1970 1269 2034 per·

131 2073 318 2155 versitatem
334 2085 449 2153 acerbe
464 2077 667 2173 perstringit,
690 2087 748 2154 sed
766 2088 881 2169 etiam,
904 2086 992 2171 quod
1008 2092 1058 2152 est
1072 2086 1267 2171 philosophi,

131 2228 174 2295 ad
195 2227 317 2294 bonum
339 2227 557 2310 virtutemque
581 2225 743 2292 adducere
765 2226 901 2292 miseros
923 2223 1002 2290 vult.

217 2391 332 2472 Vitiis,
363 2392 429 2457 sive
456 2391 496 2455 iis
524 2389 640 2472 rebus,
668 2412 751 2475 quas
774 2390 882 2474 tangit
904 2395 1003 2475 poeta
1024 2389 1091 2456 illis
1113 2387 1269 2470 versibus,

130 2530 283 2596 virtutem
313 2530 497 2614 oppositam
527 2508 615 2610 esse,
644 2550 728 2594 unus
751 2530 890 2613 quisque
912 2528 1007 2594 facile
1029 2527 1206 2630 iutelliget3
1228 2528 1269 2593 iis

129 2668 239 2752 igitur,
264 2667 320 2751 qui
341 2668 423 2766 vitia
445 2671 643 2751 sequuntur,
667 2668 851 2752 opponendi
875 2672 952 2734 sunt
973 2668 1013 2748 ii,
1037 2667 1093 2751 qui
1116 2668 1269 2734 virtutem

131 2812 321 2891 sequuntur,
346 2807 422 2891 quia
444 2807 596 2873 vitiorum
621 2807 820 2873 contrarium
842 2811 893 2873 est
918 2807 1050 2875 virtutis
1073 2805 1225 2871 studium.

220 2971 255 3038 si
275 2971 377 3056 igitur
392 2971 523 3050 Persius
539 2992 604 3052 eos,
620 2972 677 3056 qui
688 2972 769 3037 vitia
781 2977 959 3055 sectantur,
971 2972 1014 3038 ad
1024 2968 1264 3057 philosophiam

133 3109 280 3192 adducit,
310 3110 388 3195 quid
416 3116 487 3176 tum
517 3110 608 3176 aliud
637 3111 667 3177 ei
697 3132 768 3177 esse
794 3116 903 3196 potest
924 3109 1147 3196 philosophia,
1171 3127 1269 3193 quam
1383 3143 1388 3148 ,

132 3247 264 3315 virtutis
280 3249 443 3316 studium?
466 3250 625 3334 Apertum
640 3256 689 3315 est
704 3250 814 3336 igitur,
830 3250 976 3315 Persium
987 3248 1127 3332 probare
1144 3246 1270 3313 Stoico·

131 3408 205 3455 rum
228 3390 432 3470 sententiam,
455 3387 693 3474 philosophiam
715 3387 860 3453 studium
881 3407 951 3453 esse
973 3386 1113 3452 virtutis.

221 3526 284 3592 Sed
300 3526 436 3593 eandem
451 3526 689 3612 philosophiam
704 3526 884 3614 sapientiae
900 3524 1053 3608 studium,
1076 3523 1269 3612 sapientiam

446 3734 544 3744 ...ι-..ι

207 3853 225 3923 ¹)
242 3852 283 3912 Of.
301 3853 404 3914 Cicer.
423 3855 501 3913 Ture
518 3855 565 3923 IV,
585 3857 626 3923 10,
643 3855 691 3912 23:

290 3948 365 4016 „Hoc
390 3949 449 4003 loco
475 3950 585 4004 nimium
612 3964 711 4021 operae
737 3950 902 4006 consumitur
928 3965 946 4006 a
972 3949 1084 4017 Stoicis,
1111 3949 1228 4006 maxime
1253 3965 1272 4005 a

290 4043 467 4115 „Chrysippo
486 4045 548 4099 dum
565 4046 664 4100 morbis
674 4061 815 4115 corporum
829 4051 1000 4116 comparatur
1017 4044 1171 4101 morborum
1187 4043 1272 4101 animi

292 4140 477 4207 „similitudo.“

204 4234 225 4303 ²)
243 4235 360 4303 Augusti
376 4234 494 4289 medicus
512 4235 623 4289 celeber.
641 4235 715 4304 (Hor.
734 4241 784 4290 sat.
801 4235 836 4301 II,
854 4238 879 4301 3,
896 4236 948 4304 61.)
