<?xml version="1.0" encoding="UTF-8"?>
<!DOCTYPE html PUBLIC "-//W3C//DTD XHTML 1.0 Transitional//EN"
    "http://www.w3.org/TR/xhtml1/DTD/xhtml1-transitional.dtd">
<html xmlns="http://www.w3.org/1999/xhtml" xml:lang="en" lang="en">
 <head>
  <title>
</title>
<meta http-equiv="Content-Type" content="text/html;charset=utf-8" />
  <meta name='ocr-system' content='tesseract 3.04.00' />
  <meta name='ocr-capabilities' content='ocr_page ocr_carea ocr_par ocr_line ocrx_word'/>
</head>
<body>
  <div class='ocr_page' id='page_1' title='image "./derationestoica00knicgoog_0016.png"; bbox 0 0 2834 4609; ppageno 0'>
   <div class='ocr_carea' id='block_1_1' title="bbox 155 473 1291 560">
    <p class='ocr_par' dir='ltr' id='par_1_1' title="bbox 155 473 1291 560">
     <span class='ocr_line' id='line_1_1' title="bbox 155 473 1291 560; baseline 0.003 -22"><span class='ocrx_word' id='word_1_1' title='bbox 155 478 266 539; x_wconf 87' lang='lat' dir='ltr'><strong>autem</strong></span> <span class='ocrx_word' id='word_1_2' title='bbox 292 473 460 541; x_wconf 86' lang='lat' dir='ltr'><strong>scientiam</strong></span> <span class='ocrx_word' id='word_1_3' title='bbox 483 495 591 542; x_wconf 88' lang='lat' dir='ltr'><strong>rerum</strong></span> <span class='ocrx_word' id='word_1_4' title='bbox 606 473 822 542; x_wconf 87' lang='lat' dir='ltr'><strong>humanarum</strong></span> <span class='ocrx_word' id='word_1_5' title='bbox 837 474 1084 560; x_wconf 71' lang='lat' dir='ltr'><strong>diunarumque</strong></span> <span class='ocrx_word' id='word_1_6' title='bbox 1106 497 1176 542; x_wconf 86' lang='lat' dir='ltr'><strong>osse</strong></span> <span class='ocrx_word' id='word_1_7' title='bbox 1192 475 1291 543; x_wconf 82' lang='lat' dir='ltr'><strong>Stoici</strong></span> 
     </span>
    </p>
   </div>
   <div class='ocr_carea' id='block_1_2' title="bbox 157 612 367 679">
    <p class='ocr_par' dir='ltr' id='par_1_2' title="bbox 157 612 367 679">
     <span class='ocr_line' id='line_1_2' title="bbox 157 612 367 679; baseline 0 -2"><span class='ocrx_word' id='word_1_8' title='bbox 157 612 367 679; x_wconf 88' lang='lat' dir='ltr'><strong>contendunt.</strong></span> 
     </span>
    </p>
   </div>
   <div class='ocr_carea' id='block_1_3' title="bbox 244 749 1292 838">
    <p class='ocr_par' dir='ltr' id='par_1_3' title="bbox 244 749 1292 838">
     <span class='ocr_line' id='line_1_3' title="bbox 244 749 1292 838; baseline 0.003 -22"><span class='ocrx_word' id='word_1_9' title='bbox 244 749 572 836; x_wconf 82' lang='lat' dir='ltr'><strong>Quaerendumigitur</strong></span> <span class='ocrx_word' id='word_1_10' title='bbox 587 756 646 832; x_wconf 81' lang='lat' dir='ltr'><strong>est,</strong></span> <span class='ocrx_word' id='word_1_11' title='bbox 662 756 775 817; x_wconf 86' lang='lat' dir='ltr'><strong>utrum</strong></span> <span class='ocrx_word' id='word_1_12' title='bbox 795 751 925 819; x_wconf 85' lang='lat' dir='ltr'>Persius</span> <span class='ocrx_word' id='word_1_13' title='bbox 949 772 1078 838; x_wconf 94' lang='lat' dir='ltr'><strong>quoque</strong></span> <span class='ocrx_word' id='word_1_14' title='bbox 1101 751 1144 819; x_wconf 83' lang='lat' dir='ltr'><strong>ad</strong></span> <span class='ocrx_word' id='word_1_15' title='bbox 1166 753 1292 838; x_wconf 89' lang='lat' dir='ltr'><strong>sapien·</strong></span> 
     </span>
    </p>
   </div>
   <div class='ocr_carea' id='block_1_4' title="bbox 155 888 967 974">
    <p class='ocr_par' dir='ltr' id='par_1_4' title="bbox 155 888 967 974">
     <span class='ocr_line' id='line_1_4' title="bbox 155 888 967 974; baseline 0.002 -20"><span class='ocrx_word' id='word_1_16' title='bbox 155 889 235 955; x_wconf 84' lang='lat' dir='ltr'><strong>tiam</strong></span> <span class='ocrx_word' id='word_1_17' title='bbox 256 888 389 955; x_wconf 84' lang='lat' dir='ltr'><strong>tendere</strong></span> <span class='ocrx_word' id='word_1_18' title='bbox 410 889 647 974; x_wconf 82' lang='lat' dir='ltr'><strong>philosophiam</strong></span> <span class='ocrx_word' id='word_1_19' title='bbox 670 891 833 957; x_wconf 81' lang='lat' dir='ltr'>censuerit</span> <span class='ocrx_word' id='word_1_20' title='bbox 856 911 967 957; x_wconf 89' lang='lat' dir='ltr'><strong>necne.</strong></span> 
     </span>
    </p>
   </div>
   <div class='ocr_carea' id='block_1_5' title="bbox 244 1027 1358 1115">
    <p class='ocr_par' dir='ltr' id='par_1_5' title="bbox 244 1027 1358 1115">
     <span class='ocr_line' id='line_1_5' title="bbox 244 1027 1358 1115; baseline -0.003 -22"><span class='ocrx_word' id='word_1_21' title='bbox 244 1027 278 1093; x_wconf 87' lang='lat' dir='ltr'><strong>Si</strong></span> <span class='ocrx_word' id='word_1_22' title='bbox 300 1049 369 1109; x_wconf 79' lang='lat' dir='ltr'><strong>res,</strong></span> <span class='ocrx_word' id='word_1_23' title='bbox 399 1028 583 1112; x_wconf 86' lang='lat' dir='ltr'><strong>quasillis,</strong></span> <span class='ocrx_word' id='word_1_24' title='bbox 614 1048 695 1113; x_wconf 91' lang='lat' dir='ltr'><strong>quos</strong></span> <span class='ocrx_word' id='word_1_25' title='bbox 717 1027 936 1110; x_wconf 80' lang='lat' dir='ltr'><strong>laudavimus,</strong></span> <span class='ocrx_word' id='word_1_26' title='bbox 959 1028 1105 1095; x_wconf 84' lang='lat' dir='ltr'><strong>versibus</strong></span> <span class='ocrx_word' id='word_1_27' title='bbox 1129 1030 1292 1115; x_wconf 83' lang='lat' dir='ltr'><strong>significat</strong></span> <span class='ocrx_word' id='word_1_28' title='bbox 1357 1085 1358 1090; x_wconf 73' lang='grc'>,</span> 
     </span>
    </p>
   </div>
   <div class='ocr_carea' id='block_1_6' title="bbox 156 1164 1296 1391">
    <p class='ocr_par' dir='ltr' id='par_1_6' title="bbox 156 1164 1296 1391">
     <span class='ocr_line' id='line_1_6' title="bbox 156 1164 1295 1253; baseline 0.003 -22"><span class='ocrx_word' id='word_1_29' title='bbox 156 1171 254 1250; x_wconf 85' lang='lat' dir='ltr'><strong>poeta</strong></span> <span class='ocrx_word' id='word_1_30' title='bbox 276 1165 517 1251; x_wconf 87' lang='lat' dir='ltr'><strong>complecteris,</strong></span> <span class='ocrx_word' id='word_1_31' title='bbox 544 1187 651 1233; x_wconf 87' lang='lat' dir='ltr'><strong>nonne</strong></span> <span class='ocrx_word' id='word_1_32' title='bbox 673 1164 791 1247; x_wconf 85' lang='lat' dir='ltr'><strong>habes,</strong></span> <span class='ocrx_word' id='word_1_33' title='bbox 815 1187 897 1250; x_wconf 90' lang='lat' dir='ltr'><strong>quas</strong></span> <span class='ocrx_word' id='word_1_34' title='bbox 920 1166 1047 1233; x_wconf 86' lang='lat' dir='ltr'><strong>divinas</strong></span> <span class='ocrx_word' id='word_1_35' title='bbox 1070 1167 1295 1253; x_wconf 79' lang='lat' dir='ltr'><strong>humanasque</strong></span> 
     </span>
     <span class='ocr_line' id='line_1_7' title="bbox 158 1301 1296 1391; baseline 0.003 -22"><span class='ocrx_word' id='word_1_36' title='bbox 158 1324 227 1370; x_wconf 86' lang='lat' dir='ltr'><strong>esse</strong></span> <span class='ocrx_word' id='word_1_37' title='bbox 250 1324 350 1390; x_wconf 90' lang='lat' dir='ltr'><strong>supra</strong></span> <span class='ocrx_word' id='word_1_38' title='bbox 372 1304 534 1371; x_wconf 78' lang='lat' dir='ltr'><strong>vidimus?</strong></span> <span class='ocrx_word' id='word_1_39' title='bbox 580 1304 696 1370; x_wconf 86' lang='lat' dir='ltr'><strong>Annon</strong></span> <span class='ocrx_word' id='word_1_40' title='bbox 720 1301 831 1369; x_wconf 84' lang='lat' dir='ltr'><strong>verba:</strong></span> <span class='ocrx_word' id='word_1_41' title='bbox 859 1303 964 1386; x_wconf 83' lang='lat' dir='ltr'>„Quid</span> <span class='ocrx_word' id='word_1_42' title='bbox 986 1325 1104 1386; x_wconf 83' lang='lat' dir='ltr'><strong>sumus,</strong></span> <span class='ocrx_word' id='word_1_43' title='bbox 1128 1312 1187 1372; x_wconf 89' lang='lat' dir='ltr'><strong>aut</strong></span> <span class='ocrx_word' id='word_1_44' title='bbox 1201 1306 1296 1391; x_wconf 87' lang='lat' dir='ltr'><strong>quid-</strong></span> 
     </span>
    </p>
   </div>
   <div class='ocr_carea' id='block_1_7' title="bbox 157 1441 1293 1529">
    <p class='ocr_par' dir='ltr' id='par_1_7' title="bbox 157 1441 1293 1529">
     <span class='ocr_line' id='line_1_8' title="bbox 157 1441 1293 1529; baseline 0.003 -22"><span class='ocrx_word' id='word_1_45' title='bbox 157 1463 233 1508; x_wconf 85' lang='lat' dir='ltr'><strong>nam</strong></span> <span class='ocrx_word' id='word_1_46' title='bbox 255 1444 373 1510; x_wconf 78' lang='lat' dir='ltr'><strong>victuri</strong></span> <span class='ocrx_word' id='word_1_47' title='bbox 395 1443 572 1529; x_wconf 79' lang='lat' dir='ltr'><strong>gignimur,</strong></span> <span class='ocrx_word' id='word_1_48' title='bbox 595 1447 654 1509; x_wconf 90' lang='lat' dir='ltr'><strong>aut</strong></span> <span class='ocrx_word' id='word_1_49' title='bbox 676 1449 782 1510; x_wconf 86' lang='lat' dir='ltr'><strong>metae</strong></span> <span class='ocrx_word' id='word_1_50' title='bbox 797 1465 863 1529; x_wconf 85' lang='lat' dir='ltr'><strong>qua</strong></span> <span class='ocrx_word' id='word_1_51' title='bbox 884 1443 993 1509; x_wconf 91' lang='lat' dir='ltr'><strong>mollis</strong></span> <span class='ocrx_word' id='word_1_52' title='bbox 1016 1441 1118 1509; x_wconf 83' lang='lat' dir='ltr'><strong>flexus</strong></span> <span class='ocrx_word' id='word_1_53' title='bbox 1141 1450 1175 1509; x_wconf 89' lang='lat' dir='ltr'><strong>et</strong></span> <span class='ocrx_word' id='word_1_54' title='bbox 1197 1444 1293 1525; x_wconf 85' lang='lat' dir='ltr'><strong>unde,</strong></span> 
     </span>
    </p>
   </div>
   <div class='ocr_carea' id='block_1_8' title="bbox 158 1547 1382 1670">
    <p class='ocr_par' dir='ltr' id='par_1_8' title="bbox 158 1547 1382 1670">
     <span class='ocr_line' id='line_1_9' title="bbox 158 1547 1382 1670; baseline 0.002 -24"><span class='ocrx_word' id='word_1_55' title='bbox 158 1581 232 1665; x_wconf 93' lang='lat' dir='ltr'><strong>quis</strong></span> <span class='ocrx_word' id='word_1_56' title='bbox 249 1580 364 1647; x_wconf 89' lang='lat' dir='ltr'><strong>modus</strong></span> <span class='ocrx_word' id='word_1_57' title='bbox 380 1587 526 1670; x_wconf 81' lang='lat' dir='ltr'><strong>argento,</strong></span> <span class='ocrx_word' id='word_1_58' title='bbox 550 1582 629 1667; x_wconf 86' lang='lat' dir='ltr'><strong>quid</strong></span> <span class='ocrx_word' id='word_1_59' title='bbox 646 1603 743 1667; x_wconf 80' lang='lat' dir='ltr'><strong>asper</strong></span> <span class='ocrx_word' id='word_1_60' title='bbox 765 1603 915 1648; x_wconf 89' lang='lat' dir='ltr'><strong>nummus</strong></span> <span class='ocrx_word' id='word_1_61' title='bbox 937 1581 1015 1647; x_wconf 92' lang='lat' dir='ltr'><strong>utile</strong></span> <span class='ocrx_word' id='word_1_62' title='bbox 1038 1580 1146 1662; x_wconf 87' lang='lat' dir='ltr'><strong>habet,</strong></span> <span class='ocrx_word' id='word_1_63' title='bbox 1169 1582 1296 1667; x_wconf 83' lang='lat' dir='ltr'><strong>patriae</strong></span> <span class='ocrx_word' id='word_1_64' title='bbox 1379 1547 1382 1636; x_wconf 30' lang='lat' dir='ltr'>s</span> 
     </span>
    </p>
   </div>
   <div class='ocr_carea' id='block_1_9' title="bbox 158 1720 1298 2641">
    <p class='ocr_par' dir='ltr' id='par_1_9' title="bbox 158 1720 1297 2223">
     <span class='ocr_line' id='line_1_10' title="bbox 161 1720 1297 1805; baseline 0 -20"><span class='ocrx_word' id='word_1_65' title='bbox 161 1720 312 1804; x_wconf 89' lang='lat' dir='ltr'><strong>carisque</strong></span> <span class='ocrx_word' id='word_1_66' title='bbox 339 1721 530 1805; x_wconf 85' lang='lat' dir='ltr'><strong>propinquis</strong></span> <span class='ocrx_word' id='word_1_67' title='bbox 560 1726 719 1805; x_wconf 88' lang='lat' dir='ltr'><strong>quantum</strong></span> <span class='ocrx_word' id='word_1_68' title='bbox 749 1721 882 1804; x_wconf 79' lang='lat' dir='ltr'><strong>elargiri</strong></span> <span class='ocrx_word' id='word_1_69' title='bbox 905 1720 1050 1802; x_wconf 79' lang='lat' dir='ltr'><strong>deceat‘,</strong></span> <span class='ocrx_word' id='word_1_70' title='bbox 1079 1720 1122 1785; x_wconf 91' lang='lat' dir='ltr'><strong>ad</strong></span> <span class='ocrx_word' id='word_1_71' title='bbox 1150 1720 1297 1787; x_wconf 89' lang='lat' dir='ltr'><strong>homines</strong></span> 
     </span>
     <span class='ocr_line' id='line_1_11' title="bbox 158 1859 1297 1945; baseline 0 -21"><span class='ocrx_word' id='word_1_72' title='bbox 158 1859 342 1944; x_wconf 81' lang='lat' dir='ltr'><strong>pertinent3</strong></span> <span class='ocrx_word' id='word_1_73' title='bbox 366 1864 495 1925; x_wconf 84' lang='lat' dir='ltr'><strong>contra:</strong></span> <span class='ocrx_word' id='word_1_74' title='bbox 523 1859 629 1940; x_wconf 85' lang='lat' dir='ltr'><strong>„Ordo</strong></span> <span class='ocrx_word' id='word_1_75' title='bbox 653 1860 727 1944; x_wconf 89' lang='lat' dir='ltr'><strong>quis</strong></span> <span class='ocrx_word' id='word_1_76' title='bbox 750 1859 857 1942; x_wconf 86' lang='lat' dir='ltr'><strong>datus,</strong></span> <span class='ocrx_word' id='word_1_77' title='bbox 881 1859 960 1945; x_wconf 89' lang='lat' dir='ltr'><strong>quid</strong></span> <span class='ocrx_word' id='word_1_78' title='bbox 982 1859 1032 1925; x_wconf 88' lang='lat' dir='ltr'><strong>fas</strong></span> <span class='ocrx_word' id='word_1_79' title='bbox 1054 1865 1178 1944; x_wconf 86' lang='lat' dir='ltr'><strong>optare,</strong></span> <span class='ocrx_word' id='word_1_80' title='bbox 1201 1880 1297 1944; x_wconf 91' lang='lat' dir='ltr'><strong>quem</strong></span> 
     </span>
     <span class='ocr_line' id='line_1_12' title="bbox 158 1995 1297 2084; baseline 0.001 -22"><span class='ocrx_word' id='word_1_81' title='bbox 158 2002 191 2063; x_wconf 91' lang='lat' dir='ltr'><strong>te</strong></span> <span class='ocrx_word' id='word_1_82' title='bbox 221 1995 299 2063; x_wconf 89' lang='lat' dir='ltr'><strong>deus</strong></span> <span class='ocrx_word' id='word_1_83' title='bbox 329 2020 399 2065; x_wconf 88' lang='lat' dir='ltr'><strong>esse</strong></span> <span class='ocrx_word' id='word_1_84' title='bbox 427 2000 559 2080; x_wconf 85' lang='lat' dir='ltr'><strong>iussit“,</strong></span> <span class='ocrx_word' id='word_1_85' title='bbox 596 1999 709 2065; x_wconf 84' lang='lat' dir='ltr'><strong>addito</strong></span> <span class='ocrx_word' id='word_1_86' title='bbox 739 2020 834 2065; x_wconf 87' lang='lat' dir='ltr'><strong>versu</strong></span> <span class='ocrx_word' id='word_1_87' title='bbox 862 2002 918 2064; x_wconf 85' lang='lat'><strong>66:</strong></span> <span class='ocrx_word' id='word_1_88' title='bbox 952 2019 1085 2079; x_wconf 79' lang='lat' dir='ltr'><strong>„causas</strong></span> <span class='ocrx_word' id='word_1_89' title='bbox 1114 1999 1297 2084; x_wconf 81' lang='lat' dir='ltr'><strong>cognoscite</strong></span> 
     </span>
     <span class='ocr_line' id='line_1_13' title="bbox 159 2137 898 2223; baseline -0.001 -20"><span class='ocrx_word' id='word_1_90' title='bbox 159 2143 299 2223; x_wconf 83' lang='lat' dir='ltr'><strong>rerum“‚</strong></span> <span class='ocrx_word' id='word_1_91' title='bbox 323 2137 366 2204; x_wconf 88' lang='lat' dir='ltr'><strong>ad</strong></span> <span class='ocrx_word' id='word_1_92' title='bbox 389 2138 466 2204; x_wconf 92' lang='lat' dir='ltr'><strong>deos</strong></span> <span class='ocrx_word' id='word_1_93' title='bbox 489 2142 696 2223; x_wconf 88' lang='lat' dir='ltr'><strong>ceteramque</strong></span> <span class='ocrx_word' id='word_1_94' title='bbox 720 2138 898 2203; x_wconf 81' lang='lat' dir='ltr'><strong>naturam?</strong></span> 
     </span>
    </p>

    <p class='ocr_par' dir='ltr' id='par_1_10' title="bbox 161 2275 1298 2641">
     <span class='ocr_line' id='line_1_14' title="bbox 246 2275 1297 2363; baseline 0.001 -22"><span class='ocrx_word' id='word_1_95' title='bbox 246 2275 306 2341; x_wconf 88' lang='lat' dir='ltr'><strong>His</strong></span> <span class='ocrx_word' id='word_1_96' title='bbox 328 2276 434 2343; x_wconf 85' lang='lat' dir='ltr'><strong>verbis</strong></span> <span class='ocrx_word' id='word_1_97' title='bbox 456 2282 587 2363; x_wconf 89' lang='lat' dir='ltr'><strong>poetam</strong></span> <span class='ocrx_word' id='word_1_98' title='bbox 610 2299 662 2344; x_wconf 91' lang='lat' dir='ltr'><strong>res</strong></span> <span class='ocrx_word' id='word_1_99' title='bbox 690 2277 816 2342; x_wconf 81' lang='lat' dir='ltr'><strong>divinas</strong></span> <span class='ocrx_word' id='word_1_100' title='bbox 846 2276 1069 2362; x_wconf 85' lang='lat' dir='ltr'><strong>humanasque</strong></span> <span class='ocrx_word' id='word_1_101' title='bbox 1092 2276 1297 2362; x_wconf 85' lang='lat' dir='ltr'><strong>complexum</strong></span> 
     </span>
     <span class='ocr_line' id='line_1_15' title="bbox 161 2414 1298 2501; baseline 0.001 -21"><span class='ocrx_word' id='word_1_102' title='bbox 161 2436 232 2481; x_wconf 88' lang='lat' dir='ltr'><strong>esse</strong></span> <span class='ocrx_word' id='word_1_103' title='bbox 254 2421 353 2500; x_wconf 86' lang='lat' dir='ltr'><strong>atque</strong></span> <span class='ocrx_word' id='word_1_104' title='bbox 369 2415 619 2501; x_wconf 85' lang='lat' dir='ltr'><strong>philosophiam,</strong></span> <span class='ocrx_word' id='word_1_105' title='bbox 637 2417 757 2501; x_wconf 90' lang='lat' dir='ltr'><strong>quippe</strong></span> <span class='ocrx_word' id='word_1_106' title='bbox 778 2437 861 2500; x_wconf 89' lang='lat' dir='ltr'><strong>quae</strong></span> <span class='ocrx_word' id='word_1_107' title='bbox 878 2414 1030 2482; x_wconf 89' lang='lat' dir='ltr'><strong>discendo</strong></span> <span class='ocrx_word' id='word_1_108' title='bbox 1052 2415 1168 2482; x_wconf 87' lang='lat' dir='ltr'><strong>harum</strong></span> <span class='ocrx_word' id='word_1_109' title='bbox 1189 2436 1298 2481; x_wconf 90' lang='lat' dir='ltr'><strong>rerum</strong></span> 
     </span>
     <span class='ocr_line' id='line_1_16' title="bbox 162 2553 1298 2641; baseline -0.001 -20"><span class='ocrx_word' id='word_1_110' title='bbox 162 2556 331 2622; x_wconf 88' lang='lat' dir='ltr'><strong>seientiam</strong></span> <span class='ocrx_word' id='word_1_111' title='bbox 362 2561 547 2641; x_wconf 86' lang='lat' dir='ltr'><strong>appeteret,</strong></span> <span class='ocrx_word' id='word_1_112' title='bbox 594 2557 774 2641; x_wconf 87' lang='lat' dir='ltr'><strong>sapientiae</strong></span> <span class='ocrx_word' id='word_1_113' title='bbox 805 2575 876 2621; x_wconf 92' lang='lat' dir='ltr'><strong>esse</strong></span> <span class='ocrx_word' id='word_1_114' title='bbox 911 2554 1055 2622; x_wconf 89' lang='lat' dir='ltr'><strong>studium</strong></span> <span class='ocrx_word' id='word_1_115' title='bbox 1090 2553 1298 2639; x_wconf 79' lang='lat' dir='ltr'><strong>significasse,</strong></span> 
     </span>
    </p>
   </div>
   <div class='ocr_carea' id='block_1_10' title="bbox 159 2694 751 2779">
    <p class='ocr_par' dir='ltr' id='par_1_11' title="bbox 159 2694 751 2779">
     <span class='ocr_line' id='line_1_17' title="bbox 159 2694 751 2779; baseline 0 -19"><span class='ocrx_word' id='word_1_116' title='bbox 159 2694 255 2762; x_wconf 85' lang='lat' dir='ltr'><strong>facile</strong></span> <span class='ocrx_word' id='word_1_117' title='bbox 277 2694 453 2779; x_wconf 84' lang='lat' dir='ltr'><strong>dijudicari</strong></span> <span class='ocrx_word' id='word_1_118' title='bbox 474 2715 570 2779; x_wconf 90' lang='lat' dir='ltr'><strong>posse</strong></span> <span class='ocrx_word' id='word_1_119' title='bbox 593 2715 751 2760; x_wconf 89' lang='lat' dir='ltr'><strong>censeam.</strong></span> 
     </span>
    </p>
   </div>
   <div class='ocr_carea' id='block_1_11' title="bbox 248 2833 1299 2919">
    <p class='ocr_par' dir='ltr' id='par_1_12' title="bbox 248 2833 1299 2919">
     <span class='ocr_line' id='line_1_18' title="bbox 248 2833 1299 2919; baseline -0.001 -20"><span class='ocrx_word' id='word_1_120' title='bbox 248 2836 496 2901; x_wconf 88' lang='lat' dir='ltr'><strong>Demonstrasse</strong></span> <span class='ocrx_word' id='word_1_121' title='bbox 519 2834 623 2919; x_wconf 82' lang='lat' dir='ltr'><strong>igitur</strong></span> <span class='ocrx_word' id='word_1_122' title='bbox 644 2834 726 2901; x_wconf 92' lang='lat' dir='ltr'><strong>mihi</strong></span> <span class='ocrx_word' id='word_1_123' title='bbox 748 2835 859 2902; x_wconf 84' lang='lat' dir='ltr'><strong>videor</strong></span> <span class='ocrx_word' id='word_1_124' title='bbox 881 2857 922 2902; x_wconf 82' lang='lat' dir='ltr'><strong>ex</strong></span> <span class='ocrx_word' id='word_1_125' title='bbox 943 2834 1005 2902; x_wconf 94' lang='lat' dir='ltr'><strong>hoc</strong></span> <span class='ocrx_word' id='word_1_126' title='bbox 1028 2855 1092 2902; x_wconf 91' lang='lat' dir='ltr'><strong>uno</strong></span> <span class='ocrx_word' id='word_1_127' title='bbox 1114 2834 1200 2915; x_wconf 86' lang='lat' dir='ltr'><strong>loco,</strong></span> <span class='ocrx_word' id='word_1_128' title='bbox 1224 2833 1299 2899; x_wconf 89' lang='lat' dir='ltr'><strong>Per·</strong></span> 
     </span>
    </p>
   </div>
   <div class='ocr_carea' id='block_1_12' title="bbox 160 2971 1299 3899">
    <p class='ocr_par' dir='ltr' id='par_1_13' title="bbox 160 2971 1299 3899">
     <span class='ocr_line' id='line_1_19' title="bbox 164 2971 1299 3060; baseline -0.004 -19"><span class='ocrx_word' id='word_1_129' title='bbox 164 2976 249 3041; x_wconf 89' lang='lat' dir='ltr'><strong>sium</strong></span> <span class='ocrx_word' id='word_1_130' title='bbox 272 2995 375 3059; x_wconf 88' lang='lat' dir='ltr'><strong>aeque</strong></span> <span class='ocrx_word' id='word_1_131' title='bbox 398 2995 438 3038; x_wconf 88' lang='lat' dir='ltr'><strong>ac</strong></span> <span class='ocrx_word' id='word_1_132' title='bbox 461 2978 587 3039; x_wconf 82' lang='lat' dir='ltr'><strong>veteres</strong></span> <span class='ocrx_word' id='word_1_133' title='bbox 610 2973 738 3039; x_wconf 84' lang='lat' dir='ltr'><strong>Stoicos</strong></span> <span class='ocrx_word' id='word_1_134' title='bbox 755 2996 913 3040; x_wconf 88' lang='lat' dir='ltr'><strong>summam</strong></span> <span class='ocrx_word' id='word_1_135' title='bbox 927 2972 1150 3060; x_wconf 86' lang='lat' dir='ltr'><strong>philosophiae</strong></span> <span class='ocrx_word' id='word_1_136' title='bbox 1174 2978 1243 3038; x_wconf 92' lang='lat' dir='ltr'><strong>tum</strong></span> <span class='ocrx_word' id='word_1_137' title='bbox 1264 2971 1299 3037; x_wconf 90' lang='lat' dir='ltr'><strong>in</strong></span> 
     </span>
     <span class='ocr_line' id='line_1_20' title="bbox 163 3097 1299 3199; baseline -0.004 -19"><span class='ocrx_word' id='word_1_138' title='bbox 163 3114 305 3196; x_wconf 83' lang='lat' dir='ltr'><strong>virtutis,</strong></span> <span class='ocrx_word' id='word_1_139' title='bbox 329 3118 399 3179; x_wconf 92' lang='lat' dir='ltr'><strong>tum</strong></span> <span class='ocrx_word' id='word_1_140' title='bbox 422 3114 457 3179; x_wconf 92' lang='lat' dir='ltr'><strong>in</strong></span> <span class='ocrx_word' id='word_1_141' title='bbox 481 3097 661 3199; x_wconf 79' lang='lat' dir='ltr'><strong>sapientiae</strong></span> <span class='ocrx_word' id='word_1_142' title='bbox 684 3114 792 3179; x_wconf 89' lang='lat' dir='ltr'><strong>studio</strong></span> <span class='ocrx_word' id='word_1_143' title='bbox 814 3114 970 3199; x_wconf 88' lang='lat' dir='ltr'><strong>posuisse.</strong></span> <span class='ocrx_word' id='word_1_144' title='bbox 998 3111 1062 3179; x_wconf 84' lang='lat' dir='ltr'><strong>Sed</strong></span> <span class='ocrx_word' id='word_1_145' title='bbox 1076 3114 1142 3177; x_wconf 87' lang='lat' dir='ltr'><strong>iam</strong></span> <span class='ocrx_word' id='word_1_146' title='bbox 1156 3110 1299 3195; x_wconf 88' lang='lat' dir='ltr'><strong>reliquos</strong></span> 
     </span>
     <span class='ocr_line' id='line_1_21' title="bbox 160 3250 1254 3337; baseline -0.003 -20"><span class='ocrx_word' id='word_1_147' title='bbox 160 3251 372 3337; x_wconf 86' lang='lat' dir='ltr'><strong>inspiciamus</strong></span> <span class='ocrx_word' id='word_1_148' title='bbox 393 3253 492 3334; x_wconf 83' lang='lat' dir='ltr'><strong>locos,</strong></span> <span class='ocrx_word' id='word_1_149' title='bbox 516 3251 601 3317; x_wconf 89' lang='lat' dir='ltr'><strong>unde</strong></span> <span class='ocrx_word' id='word_1_150' title='bbox 625 3252 761 3318; x_wconf 87' lang='lat' dir='ltr'><strong>eandem</strong></span> <span class='ocrx_word' id='word_1_151' title='bbox 783 3252 979 3318; x_wconf 89' lang='lat' dir='ltr'><strong>sententiam</strong></span> <span class='ocrx_word' id='word_1_152' title='bbox 1001 3250 1118 3317; x_wconf 91' lang='lat' dir='ltr'><strong>elicere</strong></span> <span class='ocrx_word' id='word_1_153' title='bbox 1140 3250 1254 3335; x_wconf 89' lang='lat' dir='ltr'><strong>possis.</strong></span> 
     </span>
     <span class='ocr_line' id='line_1_22' title="bbox 269 3391 1123 3478; baseline -0.005 -19"><span class='ocrx_word' id='word_1_154' title='bbox 269 3391 401 3474; x_wconf 80' lang='lat' dir='ltr'><strong>„Cultor</strong></span> <span class='ocrx_word' id='word_1_155' title='bbox 424 3394 509 3459; x_wconf 89' lang='lat' dir='ltr'><strong>enim</strong></span> <span class='ocrx_word' id='word_1_156' title='bbox 531 3394 683 3459; x_wconf 85' lang='lat' dir='ltr'><strong>iuvenum</strong></span> <span class='ocrx_word' id='word_1_157' title='bbox 705 3397 865 3478; x_wconf 82' lang='lat' dir='ltr'><strong>purgatas</strong></span> <span class='ocrx_word' id='word_1_158' title='bbox 887 3391 1004 3458; x_wconf 89' lang='lat' dir='ltr'><strong>inseris</strong></span> <span class='ocrx_word' id='word_1_159' title='bbox 1027 3411 1123 3456; x_wconf 89' lang='lat' dir='ltr'><strong>aures</strong></span> 
     </span>
     <span class='ocr_line' id='line_1_23' title="bbox 271 3499 1153 3618; baseline -0.001 -20"><span class='ocrx_word' id='word_1_160' title='bbox 271 3532 396 3617; x_wconf 80' lang='lat' dir='ltr'><strong>„Fruge</strong></span> <span class='ocrx_word' id='word_1_161' title='bbox 409 3499 600 3599; x_wconf 79' lang='lat' dir='ltr'><strong>Cleanthea:</strong></span> <span class='ocrx_word' id='word_1_162' title='bbox 616 3534 718 3618; x_wconf 89' lang='lat' dir='ltr'><strong>petite</strong></span> <span class='ocrx_word' id='word_1_163' title='bbox 734 3533 809 3599; x_wconf 93' lang='lat' dir='ltr'><strong>hinc</strong></span> <span class='ocrx_word' id='word_1_164' title='bbox 824 3532 980 3618; x_wconf 87' lang='lat' dir='ltr'><strong>puerique</strong></span> <span class='ocrx_word' id='word_1_165' title='bbox 996 3552 1153 3616; x_wconf 89' lang='lat' dir='ltr'><strong>senesque</strong></span> 
     </span>
     <span class='ocr_line' id='line_1_24' title="bbox 270 3670 1215 3757; baseline -0.004 -18"><span class='ocrx_word' id='word_1_166' title='bbox 270 3673 401 3754; x_wconf 88' lang='lat' dir='ltr'><strong>„Finem</strong></span> <span class='ocrx_word' id='word_1_167' title='bbox 422 3673 530 3739; x_wconf 90' lang='lat' dir='ltr'><strong>animo</strong></span> <span class='ocrx_word' id='word_1_168' title='bbox 555 3678 680 3739; x_wconf 89' lang='lat' dir='ltr'><strong>certum</strong></span> <span class='ocrx_word' id='word_1_169' title='bbox 701 3672 894 3755; x_wconf 89' lang='lat' dir='ltr'><strong>miserisque</strong></span> <span class='ocrx_word' id='word_1_170' title='bbox 916 3672 1035 3737; x_wconf 83' lang='lat' dir='ltr'><strong>viatica</strong></span> <span class='ocrx_word' id='word_1_171' title='bbox 1058 3670 1215 3757; x_wconf 85' lang='lat' dir='ltr'><strong>canis!“¹)</strong></span> 
     </span>
     <span class='ocr_line' id='line_1_25' title="bbox 249 3808 1299 3899; baseline -0.006 -18"><span class='ocrx_word' id='word_1_172' title='bbox 249 3813 362 3881; x_wconf 88' lang='lat' dir='ltr'><strong>Monet</strong></span> <span class='ocrx_word' id='word_1_173' title='bbox 383 3813 437 3879; x_wconf 93' lang='lat' dir='ltr'><strong>hic</strong></span> <span class='ocrx_word' id='word_1_174' title='bbox 467 3834 596 3899; x_wconf 87' lang='lat' dir='ltr'><strong>quoque</strong></span> <span class='ocrx_word' id='word_1_175' title='bbox 624 3813 755 3879; x_wconf 87' lang='lat' dir='ltr'><strong>Persius</strong></span> <span class='ocrx_word' id='word_1_176' title='bbox 776 3811 912 3877; x_wconf 87' lang='lat' dir='ltr'><strong>miseros</strong></span> <span class='ocrx_word' id='word_1_177' title='bbox 934 3810 1026 3893; x_wconf 91' lang='lat' dir='ltr'><strong>illos,</strong></span> <span class='ocrx_word' id='word_1_178' title='bbox 1049 3830 1131 3894; x_wconf 89' lang='lat' dir='ltr'><strong>quos</strong></span> <span class='ocrx_word' id='word_1_179' title='bbox 1153 3808 1299 3878; x_wconf 81' lang='lat' dir='ltr'><strong>versibus</strong></span> 
     </span>
    </p>
   </div>
   <div class='ocr_carea' id='block_1_13' title="bbox 162 3950 644 4040">
    <p class='ocr_par' dir='ltr' id='par_1_14' title="bbox 162 3950 644 4040">
     <span class='ocr_line' id='line_1_26' title="bbox 162 3950 644 4040; baseline -0.008 -20"><span class='ocrx_word' id='word_1_180' title='bbox 162 3950 431 4040; x_wconf 86' lang='lat' dir='ltr'><strong>praecedentibus</strong></span> <span class='ocrx_word' id='word_1_181' title='bbox 459 3952 644 4037; x_wconf 87' lang='lat' dir='ltr'><strong>descripsit:</strong></span> 
     </span>
    </p>
   </div>
   <div class='ocr_carea' id='block_1_14' title="bbox 234 4202 533 4274">
    <p class='ocr_par' dir='ltr' id='par_1_15' title="bbox 234 4202 533 4274">
     <span class='ocr_line' id='line_1_27' title="bbox 234 4202 533 4274; baseline 0 -17"><span class='ocrx_word' id='word_1_182' title='bbox 234 4205 256 4268; x_wconf 86' lang='grc'><strong>1)</strong></span> <span class='ocrx_word' id='word_1_183' title='bbox 275 4202 354 4258; x_wconf 74' lang='lat' dir='ltr'><strong>Satis.</strong></span> <span class='ocrx_word' id='word_1_184' title='bbox 373 4204 405 4272; x_wconf 84' lang='lat' dir='ltr'><strong>V,</strong></span> <span class='ocrx_word' id='word_1_185' title='bbox 423 4206 456 4259; x_wconf 83' lang='grc'><strong>63</strong></span> <span class='ocrx_word' id='word_1_186' title='bbox 475 4219 533 4274; x_wconf 88' lang='lat' dir='ltr'><strong>sqq.</strong></span> 
     </span>
    </p>
   </div>
   <div class='ocr_carea' id='block_1_15' title="bbox 0 0 1433 4609">
    <p class='ocr_par' dir='ltr' id='par_1_16' title="bbox 0 0 1433 4609">
     <span class='ocr_line' id='line_1_28' title="bbox 0 0 1433 4609; baseline 0 0"><span class='ocrx_word' id='word_1_187' title='bbox 0 0 1433 4609; x_wconf 95' lang='lat' dir='ltr'><strong> </strong></span> 
     </span>
    </p>
   </div>
  </div>
 </body>
</html>
