2834 4609
749 301 790 361 38

675 391 875 403 ——nnn-

304 544 399 633 „che
426 541 641 633 mustuosis
675 536 774 630 oiunc
802 535 822 629 i
850 542 936 631 aaa
962 540 1022 629 ep
1050 543 1129 631 aaa
1158 539 1293 627 aaa
1322 537 1347 627 ἢ

303 679 425 761 ,mir
445 673 624 747 διάστασιν.
634 683 684 760 ι)“

302 812 407 898 ,J'Icov
433 816 505 886 iuri
532 816 571 883 τὸ
597 813 664 885 κατ’
686 812 803 906 ἀρετὴν
829 816 888 905 ζῆν
908 820 956 902 τῷ
982 812 1049 883 κατ’
1074 813 1249 906 spasano
1276 819 1349 881 τῶν

303 951 423 1046 „piosa
450 949 690 1053 captaturum
720 953 787 1042 ζῆν,
816 949 862 1033 ὥς
889 971 973 1044 φησι
1000 949 1200 1044 Χρύσινηως
1230 950 1265 1020 ἐν
1293 957 1348 1038 τῷ

303 1088 444 1183 ,πρώτῳ
465 1094 543 1183 περὶ
563 1093 670 1158 aaa
690 1093 774 1182 μέρη
798 1090 861 1182 γάρ
881 1090 964 1159 εἰσιν
990 1091 1027 1159 oi
1048 1091 1203 1180 ἡμέτεραι
1222 1086 1349 1181 φύσεις

302 1235 381 1320 »τῆς
401 1235 460 1298 τοῦ
479 1227 567 1297 ὅλου.
575 1232 623 1317 ')“

305 1369 361 1453 „Si
387 1369 483 1438 simul
508 1374 611 1456 atquc
636 1373 731 1436 ortus
758 1374 859 1451 esset,
892 1390 929 1435 se
956 1369 1094 1454 quisque
1124 1374 1344 1452 cognosceret

269 1517 275 1527 ’
305 1506 535 1593 ,iudicareque
556 1512 676 1593 posset,
699 1527 783 1593 qnae
805 1508 853 1573 vis
875 1512 909 1574 et
932 1509 1033 1575 totius
1048 1510 1136 1573 essct
1149 1511 1288 1572 naturae
1304 1511 1343 1571 et

305 1644 469 1732 ,partium
490 1644 700 1730 singiularum,
723 1646 877 1713 continuo
899 1645 1034 1728 videret,
1057 1645 1136 1730 quid
1158 1649 1244 1711 esset
1265 1643 1342 1725 hoc,

303 1782 391 1868 quod
413 1783 608 1867 quaerimus,
631 1784 775 1850 omnium
796 1804 914 1866 rerum,
939 1804 1021 1869 quas
1036 1783 1226 1870 expetimus,
1250 1802 1342 1849 sum·

305 1940 414 2002 „mum
434 1925 468 1985 et
489 1920 650 2003 ultimum,
672 1942 733 1987 nec
753 1920 823 1988 ulla
843 1921 878 1988 in
899 1942 936 1988 re
958 1941 1093 2006 peccare
1112 1920 1293 2008 posset.⁸)“

286 2053 357 2124 Iam
378 2077 489 2124 versu:

305 2191 459 2278 „Discite
481 2193 513 2262 io
535 2195 647 2262 miseri
670 2201 703 2263 ot
725 2218 841 2263 causas
865 2198 1049 2281 cognoscite
1071 2197 1218 2263 raruml“

200 2325 331 2401 Persius
356 2333 501 2418 legentes
530 2333 625 2419 quasi
658 2331 838 2400 introducit
865 2334 900 2400 in
931 2333 1186 2418 philosophiam,
1224 2333 1343 2400 deinde

200 2471 356 2555 versibus,
372 2471 429 2558 qui
443 2476 633 2557 sequuntur,
644 2472 812 2558 physicam
828 2473 942 2559 ipsam,
955 2472 1061 2558 qualis
1076 2473 1128 2553 sit,
1150 2472 1340 2539 accuratius

201 2610 333 2696 exponit
364 2625 586 2694 summamque
616 2630 656 2675 ex
688 2631 728 2676 ea
756 2608 849 2676 affort
876 2571 1098 2696 quaestionem
1128 2609 1169 2675 de
1197 2609 1339 2675 hominis

201 2748 305 2833 ipsius
326 2747 456 2814 natura.
476 2741 528 2814 Ea
550 2745 635 2813 onim
648 2745 830 2833 perquisita
849 2747 950 2814 Stoici
963 2765 1063 2832 quum
1076 2747 1238 2813 hominem
1252 2747 1289 2812 le
1299 2747 1340 2831 gi

201 2881 361 2953 cuidam
384 2884 565 2970 subjectum
587 2906 657 2953 esse
680 2883 880 2967 statuebant,
902 2892 973 2952 tum
996 2883 1135 2972 qualis
1165 2886 1246 2953 haec
1267 2885 1340 2952 ·lax

200 3027 285 3091 essct
307 2993 469 3090 dicabant.
490 3021 686 3109 Priusquam
712 3023 797 3090 enim
816 3024 1030 3109 explicarent,
1053 3025 1158 3109 qualis
1180 3024 1261 3092 hacc
1284 3025 1339 3091 lex

201 3149 304 3244 essct,
333 3163 463 3229 omnino
492 3177 584 3229 csse
608 3159 736 3248 legem
763 3162 804 3228 iis
830 3157 1035 3247 probandum
1063 3167 1151 3243 erat3
1185 3159 1274 3246 quod
1305 3141 1339 3227 et

201 3299 402 3369 sublimitate
430 3301 557 3385 generis
591 3301 725 3368 humani
755 3305 789 3367 et
815 3301 897 3367 miro
925 3302 1028 3367 totius
1057 3304 1195 3367 naturae
1225 3298 1339 3367 ordine

200 3437 394 3526 probabant.

274 3573 384 3657 Quum
398 3561 484 3645 enim
490 3575 588 3646 homo
602 3550 706 3645 totius
720 3576 833 3645 mundi
844 3578 890 3644 sit
908 3596 1067 3644 summum
1079 3581 1178 3660 atqua
1192 3577 1337 3661 capum),

161 3729 174 3755 ·
199 3719 298 3784 immo
311 3712 486 3797 verofinis,
509 3715 604 3782 simul
618 3733 691 3782 cum
703 3715 915 3801 praestantia,
936 3731 1003 3800 qua
1028 3713 1196 3782 antecellit
1217 3713 1335 3781 octena

201 3877 613 3892 m—fi-—fi-—o—-ss-——u-

270 3967 292 4036 ¹)
309 3967 390 4022 Plut.
408 3966 443 4020 de
461 3965 541 4021 Stoic.
559 3982 615 4037 rep.
633 3967 657 4020 9.

270 4064 292 4127 ²)
309 4062 402 4131 Diog.
420 4060 511 4116 Laert
528 4061 588 4127 VII,
605 4062 647 4114 87.

271 4154 697 4224 hfflmmffihmu

270 4250 295 4317 ⁴)
314 4248 403 4304 Stoh.
421 4249 523 4316 1‚444;
542 4248 603 4303 Cio.
622 4245 718 4301 defin.
735 4247 782 4314 111,
800 4246 842 4313 20,
860 4248 903 4300 67.
