2834 4609
648 268 707 328 113

573 357 780 368 ...ι-..-

218 515 280 596 „Di
302 536 368 581 nen
389 519 527 599 possunt
547 513 650 580 videri
667 514 850 595 nescivisse,
873 514 953 598 quid
968 512 1113 580 effecturi
1129 520 1245 594 essent,

217 674 311 734 „cum
323 652 471 719 omnibus
482 654 638 719 alimenta
649 654 800 736 protinus
813 657 846 718 et
858 654 981 718 auxilia
991 653 1246 737 providerint.-

220 792 404 876 „chitavit
425 813 484 859 nos
507 798 583 858 aute
606 796 744 873 natura,
769 814 866 875 quam
888 791 983 874 fecit,
1005 814 1065 857 nec
1087 796 1156 858 tam
1177 793 1247 858 leve

218 953 319 1016 „opus
342 952 462 1013 sumus,
484 936 522 996 ut
542 931 592 996 illi
613 931 814 1016 potuerimus
836 931 1050 1016 excidere⁴¹)“

109 1071 256 1135 Persium
278 1070 318 1136 de
340 1070 547 1155 providentie
569 1070 680 1136 divina
702 1068 789 1136 idem
812 1072 949 1136 sensisse
972 1092 1044 1137 cum
1068 1073 1185 1139 Stoicis
1209 1095 1248 1139 ex

108 1211 230 1275 satirae
245 1209 287 1274 II.
300 1214 502 1294 argumente,
520 1230 584 1292 quo
597 1208 702 1289 dccet,
720 1229 784 1292 quo
796 1208 892 1275 mede
904 1231 1016 1293 preces
1027 1211 1247 1277 instituendae

110 1350 186 1425 sint,
209 1353 362 1433 apparet3
386 1348 414 1411 si
436 1347 522 1412 enim
542 1346 750 1431 providentia
772 1346 902 1412 sublata
924 1346 1001 1413 deos
1020 1370 1073 1414 res
1088 1348 1247 1415 humanas

80 1460 82 1463 Ι
110 1508 176 1551 non
199 1508 313 1552 curere
336 1485 473 1570 accipis,
497 1485 577 1551 nihil
599 1484 717 1563 habes,
741 1486 827 1573 quod
848 1485 1000 1571 precibus
1021 1489 1170 1572 votisque
1193 1510 1248 1555 ece

110 1624 219 1689 adeas

198 1763 225 1828 E
243 1763 423 1829 Stoicorum
446 1763 485 1829 de
506 1763 711 1848 previdentia
734 1737 884 1849 doginete
906 1771 1018 1831 manet
1037 1771 1247 1851 praeceptum

112 1900 190 1966 deos
213 1922 247 1966 es
270 1901 421 1967 colendos
442 1907 541 1989 atque
563 1901 726 1981 erand0s3
745 1903 901 1986 pietatem
922 1904 957 1967 in
981 1925 1035 1970 ecs
1050 1904 1246 1970 revocabant

112 2040 156 2104 ad
187 2041 336 2123 justitiae
368 2041 537 2121 virtutem,
575 2062 674 2127 quum
702 2034 869 2123 εὐσέβειαν
897 2040 1037 2106 hominis
1063 2042 1145 2125 justi
1178 2065 1248 2109 esse

113 2178 275 2244 dicerent:

217 2321 289 2405 „ng
310 2316 346 2382 δὲ
367 2316 552 2404 δικαιοσύνῃ
573 2311 817 2382 ὑποτάττεσθαι
838 2316 895 2404 τήν
917 2312 1145 2405 εὐσέβειανῖγι

115 2456 216 2521 Addit
240 2454 415 2538 Stobeeus,
445 2478 509 2540 qua
531 2457 659 2522 ratione
689 2478 729 2521 ex
751 2459 912 2523 sententia
936 2459 1118 2525 Stoicorum
1141 2458 1175 2524 di
1198 2481 1249 2525 co-

113 2594 201 2660 lendi
224 2594 304 2660 sint:

217 2733 381 2817 ,Λέγουσι
410 2732 446 2799 δὲ
473 2734 528 2799 καὶ
555 2731 646 2822 ἱερέα
673 2732 773 2816 μόνον
795 2726 877 2801 εἶναι
898 2735 956 2800 τόν
982 2729 1100 2824 σοφόν,
1128 2736 1251 2824 φαῦλον

217 2871 273 2954 „et
287 2871 416 2960 μηδένα.
426 2873 473 2959 8)“

217 3004 305 3092 ,ζἘυι
333 3004 439 3095 δόγμα
467 3005 618 3098 Ζήνωνός
647 3009 734 3078 ἐστιν
762 3011 836 3100 ἱεροὶ
864 3016 952 3077 θεῶν
979 3011 1025 3100 μή
1054 3011 1250 3096 οἰκοδομεῖν·

217 3146 327 3238 „icccc
347 3147 409 3238 γαρ
430 3146 476 3236 μῆ
498 3149 621 3214 πολλοῦ
635 3142 725 3230 ἄξιον
745 3150 800 3214 καὶ
822 3144 913 3234 ἅγιον
927 3146 985 3215 οὐκ
999 3147 1100 3217 ἔστιν·
1124 3149 1250 3218 οἰκοδό-

219 3311 308 3369 ,ριιον
329 3283 362 3351 d'
385 3284 477 3377 ἔργον
505 3288 560 3352 καὶ
586 3283 755 3369 βαναύσων
783 3282 875 3353 οὐδέν
903 3287 972 3354 ἐστὶ
1002 3289 1125 3355 πολλοῦ
1145 3285 1252 3371 ἄξιον·

218 3424 271 3506 „ui
294 3425 330 3492 δὲ
350 3422 438 3491 ταῦτ’
469 3423 688 3509 ἐπαινοῦνιες,
718 3425 763 3503 ὡς
791 3419 827 3492 εὖ
855 3422 984 3507 ἔχοντα,
1012 3433 1169 3511 μυοῦνται
1193 3429 1253 3513 μὲν

220 3562 275 3647 „e’u
304 3562 419 3654 ἱεροῖς·
449 3561 651 3650 ἀναβαίνουσι
684 3561 714 3629 δ’
746 3563 795 3642 εἰς
817 3560 1007 3654 ἆκρόπολῑν,
1038 3572 1250 3656 προσκυνοῦσι

189 3947 207 4012 ¹)
227 3946 340 4001 Senee.
359 3945 393 3998 de
410 3944 471 3999 ben.
488 3946 535 4013 VI,
552 3945 594 4011 23,
612 3948 641 4013 53
660 3947 693 3999 cf.
713 3946 746 4000 de
763 3946 866 4016 provid.
883 3949 904 4013 Ι,
924 3952 951 4015 1,
971 3951 1050 4016 1-43
1075 3954 1176 4016 quaest.
1199 3954 1253 4002 net.

116 4041 211 4108 11,45‚
229 4041 259 4110 23
277 4057 319 4111 ep.
339 4042 379 4108 16,
397 4043 428 4109 63
446 4043 487 4106 74,
507 4044 546 4094 10.

188 4136 207 4203 ²)
226 4135 315 4191 Stob.
334 4135 382 4188 ecl.
400 4136 434 4204 11,
454 4139 510 4189 107.

186 4231 207 4301 ³)
225 4230 293 4285 Ibid.
313 4231 369 4284 122.
