2834 4609
633 238 673 300 27

83 487 244 566 mentum,
259 482 381 560 reterre
394 504 461 558 uon
474 485 609 572 poteris.
651 482 824 556 Hominem
839 482 924 558 onim
944 482 1055 554 induci
1075 484 1225 558 uolunta

82 625 197 708 poeta,
209 622 267 712 qui
278 642 476 714 quamquam
489 622 653 710 cognitum
663 620 793 706 habeat,
805 620 885 712 quid
895 621 939 694 sit
949 620 1070 694 bonum
1083 624 1224 693 recture

85 780 163 844 que,
178 763 288 826 tamen
300 763 436 845 propter
443 764 581 827 naturae
593 758 796 826 debilitatem
808 759 963 826 virtutem
970 759 1062 844 sequi
1072 764 1223 850 nequeat

46 955 53 966 ·
178 923 242 992 Sed
272 924 300 989 si
328 928 493 1005 tenemus,
526 944 625 1008 quam
653 923 784 989 Persius
812 923 958 1008 sumpsit,
981 922 1225 989 similitudinem
1351 976 1355 981 .

85 1063 198 1128 animo
226 1062 317 1145 aegri
343 1082 417 1126 cum
445 1066 637 1145 aegrotante
664 1082 817 1146 corpore,
846 1061 1064 1146 intelligemus
1094 1062 1140 1142 ei,
1168 1062 1225 1147 qui

85 1199 209 1268 habeat
230 1199 407 1267 remedium
429 1198 535 1266 morbi
558 1204 658 1284 atque
681 1200 776 1281 sciat,
801 1198 880 1284 quid
902 1199 944 1265 sit
966 1198 1165 1280 faciendum,
1187 1203 1225 1264 ut

88 1338 228 1405 tollatur
249 1338 381 1420 malum,
406 1337 487 1403 nihil
510 1358 580 1404 esse
601 1337 773 1421 reliquum,
797 1358 896 1421 quam
917 1341 956 1403 ut
976 1358 1088 1404 revere
1110 1356 1225 1421 sequa

87 1482 145 1544 tur
167 1478 284 1544 medici
305 1483 491 1564 praecepta.
538 1477 701 1545 Sumenda
722 1477 824 1561 igitur
844 1475 1007 1542 medicina
1028 1477 1234 1564 aegrotanti,

88 1616 286 1701 gustandum
309 1616 349 1684 de
370 1622 460 1702 potu,
485 1617 632 1708 quamvis
666 1617 710 1681 sit
731 1637 871 1683 amarus.
915 1614 1004 1681 Nihil
1022 1615 1093 1699 jam
1114 1613 1224 1696 refert,

89 1754 252 1821 medicum
273 1754 372 1821 verba
394 1754 502 1822 facere
525 1760 724 1839 aegrotoque
740 1754 919 1836 ostendere,
942 1753 1022 1838 quid
1037 1754 1080 1819 sit
1093 1752 1224 1835 malum,

93 1892 170 1977 quid
193 1893 235 1958 sit
257 1891 453 1975 faciendum,
477 1893 505 1959 si
520 1893 630 1959 sanari
643 1893 737 1974 uelit,
759 1892 891 1959 morbus
913 1896 1000 1960 certe
1016 1913 1082 1959 nou
1095 1892 1225 1973 lenitur,

91 2048 120 2118 si
142 2066 238 2132 aeger
259 2048 329 2132 ipse
350 2048 533 2132 praeceptis
559 2045 677 2114 medici
697 2067 764 2114 non
785 2048 901 2119 ntitrrr.

150 2181 153 2186 ⁴
192 2186 246 2256 Ite
276 2187 384 2255 animo
408 2206 537 2270 quoque
558 2186 759 2272 aegrotanti,
783 2185 840 2270 qui
861 2184 941 2269 quid
962 2184 1007 2250 sit
1028 2182 1222 2268 finiendum,

92 2323 172 2408 quid
195 2323 394 2408 sequendum
424 2324 673 2407 evitandumque
702 2322 910 2408 philosophia
930 2322 1046 2389 doctus
1069 2324 1122 2404 sit,
1143 2322 1226 2390 nihil

91 2462 158 2528 iam
181 2468 303 2544 restat,
340 2483 438 2546 quam
467 2467 505 2528 ut
534 2483 609 2549 vere
631 2464 711 2550 aget
733 2461 909 2528 secundum
930 2462 1070 2548 regulas,
1093 2483 1175 2547 quas
1197 2461 1227 2529 ei

91 2599 244 2685 apposuit
266 2621 321 2665 ars
342 2600 438 2666 vitae.

68 2777 72 2782 ⁴
177 2763 212 2829 Is
234 2764 344 2848 igitur,
368 2763 408 2828 de
431 2785 495 2848 quo
517 2764 647 2830 Persius
670 2785 753 2830 vers.
778 2768 818 2829 52
835 2785 905 2850 sqq.
929 2765 1025 2831 dicit:

94 2902 97 2908 ’
201 2901 317 2983 ,Haud
339 2900 401 2967 tibi
422 2903 626 2992 inexpertum
657 2923 772 2970 curvos
795 2904 993 2987 deprendere
1015 2926 1121 2971 mores
1144 2910 1223 2971 etc.“

95 3061 193 3126 quum
207 3039 416 3107 nihilominus
431 3046 580 3128 aegrotet
592 3062 698 3130 neque
722 3063 756 3110 se
779 3042 942 3109 abstinere
964 3045 1068 3132 possit
1089 3065 1110 3109 a
1130 3044 1227 3126 vitiis,

94 3178 129 3245 id
159 3199 274 3263 unum,
308 3185 345 3245 ut
378 3179 579 3247 voluntatem
613 3200 704 3245 suam
733 3180 776 3247 ad
809 3181 1040 3250 devincendam
1072 3186 1226 3248 naturam

93 3316 277 3400 confirmet,
307 3323 385 3405 agat
413 3340 544 3385 necesse
574 3323 626 3385 est
655 3318 922 3408 experiaturque,
952 3303 1033 3406 quid
1059 3324 1228 3408 praestare

92 3456 202 3542 possit.
222 3455 276 3522 Ita
292 3463 547 3524 certesuasurus
563 3461 649 3523 esset
670 3457 710 3539 is,
726 3458 782 3541 qui
804 3457 874 3523 sola
896 3462 1033 3524 naturae
1056 3456 1225 3528 debilitate

93 3594 136 3661 ad
156 3596 235 3666 vitia
256 3595 336 3681 pelli
358 3596 458 3662 talem
479 3595 643 3662 hominem
665 3596 876 3664 existimaret.

177 3760 333 3828 Attamen
348 3760 430 3828 miro
446 3759 588 3844 quodam
603 3760 700 3832 modo
713 3759 814 3826 talem
827 3759 999 3843 hominem,
1017 3761 1073 3845 qui
1094 3761 1158 3828 iam
1180 3761 1228 3830 di·

94 3896 218 3980 dicerit,
234 3919 318 3986 quae
333 3897 534 3985 philosophis
556 3898 756 3983 placuerint,
778 3899 898 3965 iterum
915 3905 1014 3984 utque
1028 3901 1148 3968 iterum
1162 3919 1228 3982 non

94 4036 136 4108 ed
156 4036 363 4126 agendum,
386 4035 509 4106 sed'ad
530 4037 761 4108 discendum
790 4037 1061 4122 tractandumque
1084 4038 1227 4123 philoso-

94 4174 202 4261 phiam
224 4183 368 4259 revocat,
390 4179 439 4243 ita
461 4181 499 4246 ut
520 4180 704 4263 aegrotanti
727 4177 813 4244 idem
827 4178 1016 4259 remedium,
1038 4176 1125 4261 quod
1146 4175 1228 4244 nihil
