2834 4609
738 220 779 279 58

656 309 860 320 ιιι-..Μα-

217 516 221 523 ,
278 463 355 526 Rem
389 465 493 546 ipsam
525 465 708 548 vituperare
739 486 803 529 non
832 472 941 547 potest
968 466 1114 547 Persida
1155 469 1211 532 sed
1244 469 1329 535 illud

187 602 311 665 iuvenis
333 621 519 684 perversum
543 601 686 667 studium
710 602 850 681 deridet,
874 606 929 685 qui
953 625 1020 669 rem
1042 606 1157 687 popuii
1179 614 1325 673 tractare

188 762 222 808 se
245 762 340 825 posse
354 748 448 825 putet
462 761 568 825 neque
584 762 658 806 vere
673 743 787 824 possit,
811 744 866 824 qui
887 743 969 806 seire
985 764 1018 806 se
1035 743 1158 821 credat,
1181 745 1324 823 „iustum

186 882 315 964 gemina
331 879 526 966 suspendere
542 880 634 945 lanee
646 881 799 963 ancipitis
809 879 912 945 librae
925 887 1114 964 rectumque
1127 881 1323 955 discernere.

185 1019 241 1084 ubi
262 1021 348 1085 inter
371 1039 469 1083 curva
492 1016 608 1083 subeat
630 1018 680 1082 vel
703 1039 803 1102 quum
836 1017 931 1083 fallat
960 1019 1042 1102 pede
1070 1021 1183 1103 regula
1209 1032 1321 1099 vara*

104 1244 108 1259 ι
184 1174 380 1240 quamquain
396 1157 477 1220 nihil
491 1156 612 1221 habeat
626 1156 687 1221 uiai
703 1157 813 1221 inania
828 1156 928 1222 verba
948 1158 1126 1242 meliorque
1149 1160 1193 1223 sit
1208 1161 1323 1239 „Anti-

183 1316 276 1378 cyras
300 1294 429 1360 sorbere
452 1298 629 1360 meracas.“
652 1295 740 1360 Nihil
764 1297 985 1381 persequitur,
1009 1299 1071 1362 nisi
1094 1300 1234 1382 speciem
1255 1299 1321 1363 vir-

184 1437 263 1499 tutis
298 1437 556 1527 sapientiaeque3
588 1433 667 1516 quid
699 1457 773 1498 uere
807 1437 850 1500 sit
883 1437 1002 1501 virtue.
1034 1438 1164 1502 minime
1194 1437 1318 1518 didicit,

146 1618 157 1634 .
182 1595 280 1657 quum
303 1595 461 1640 nummum
485 1572 603 1638 bonum
627 1594 695 1638 esse
719 1580 821 1656 putet,
848 1582 965 1653 „uncta
992 1574 1108 1640 vixisse
1136 1576 1260 1658 patella
1285 1584 1319 1639 et

180 1713 310 1777 assiduo
328 1718 443 1776 emata
459 1711 600 1776 cuticula
616 1712 711 1776 sole.“
738 1712 830 1777 Bona
845 1732 915 1779 esse
929 1720 1026 1797 putat
1041 1712 1318 1797 pulchritudinem

180 1836 341 1936 emporia,
365 1852 501 1935 gloriam
524 1851 735 1933 divitiasque,
767 1872 850 1933 quae
873 1852 981 1917 omnia
1016 1852 1108 1917 nihili
1141 1852 1316 1917 aestiman-

179 2002 233 2056 tur
256 2013 276 2055 a
299 1992 454 2074 sapiente.
500 1991 537 2054 In
560 2006 689 2075 quaque
712 1998 748 2054 ie
778 1998 883 2069 errat,
914 2013 1012 2073 quum
1042 1991 1142 2055 levius
1171 1992 1214 2054 sit
1242 1991 1314 2055 eius

173 2129 345 2210 juditium,
384 2150 481 2211 quam
511 2129 598 2211 quad
632 2130 772 2213 speeiem
800 2129 948 2195 dinoseat
978 2152 998 2192 a
1029 2146 1112 2193 vena
1165 2129 1311 2194 Aliorum

177 2268 307 2352 quidem
330 2268 495 2331 hominum
519 2268 597 2332 vitia
620 2267 751 2333 minime
774 2290 845 2332 eum
870 2266 1037 2350 effugiunt,
1061 2267 1116 2332 aed
1139 2266 1253 2331 iisdem
1278 2288 1312 2330 se

177 2385 281 2489 ipsum
304 2428 373 2470 esse
396 2405 549 2471 obrutum
572 2372 788 2479 obliviscitur}
820 2406 967 2489 sequitur
996 2380 1213 2470 multitudinis
1235 2406 1312 2469 levi-

175 2549 287 2623 tatem,
311 2565 448 2627 qumum
471 2565 584 2625 „nemu
600 2546 632 2608 in
650 2565 720 2610 aeae
736 2550 876 2629 temptat
899 2543 1103 2621 descendere,
1126 2564 1229 2610 nemo.
1253 2543 1309 2607 sed

173 2682 381 2765 praecedenti
405 2687 571 2766 spectatur
592 2684 736 2748 mantica
759 2688 887 2766 terg0;“
913 2683 968 2765 qui
983 2684 1178 2774 vituperant,
1198 2702 1309 2763 quam-

172 2822 220 2885 uis
244 2823 306 2904 ipsi
334 2821 512 2906 dignissimi
537 2823 601 2887 sint
623 2823 792 2905 vituperio.
826 2822 904 2901 „Ilia
920 2820 1031 2886 subter
1047 2841 1177 2885 caenum
1194 2821 1309 2884 vulnus

172 2959 295 3035 habet;¹
325 2960 382 3024 sed
409 2961 477 3026 lato
505 2960 633 3026 balteus
663 2982 742 3025 auro
772 2961 964 3045 p1·aetegit.“
1013 2961 1155 3026 Pessima
1190 2960 1308 3041 mique

170 3100 291 3165 iudicio
314 3098 393 3165 fides
417 3099 531 3165 datur:
572 3100 753 3185 „egregium
783 3121 883 3182 quium
905 3121 956 3165 me
979 3100 1097 3164 vicinia
1119 3098 1217 3176 dieat,
1240 3119 1305 3162 nou

169 3238 337 3303 credam?“

256 3445 409 3533 Sequitur
452 3410 567 3531 poetae
613 3449 804 3531 gravissima
844 3447 1030 3513 adhortatio
1073 3446 1115 3512 ad
1152 3445 1304 3513 deiicien-

168 3589 242 3654 dam
279 3588 379 3654 talem
408 3587 575 3653 levitatem
604 3587 866 3671 sequendumque
893 3588 982 3653 illam
1011 3587 1182 3665 virtutem,
1217 3606 1303 3671 quae

166 3730 341 3809 antequam
373 3725 497 3790 iudicet
529 3732 670 3810 agatque
702 3747 755 3792 res
788 3747 862 3792 aere
883 3711 1134 3812 perscrutetur(

250 3945 303 4007 lta
324 3950 395 4010 tota
409 3944 512 4031 Persii
534 3946 637 4010 satira
659 3949 778 4030 quarta
801 3943 844 4010 ad
865 3942 956 4009 illam
973 3943 1155 4010 Stoicorum
1177 3937 1299 4024 εὐλογι-

164 4079 254 4143 στίαν
276 4085 437 4165 pertinere
461 4083 537 4163 mihi
562 4083 697 4149 videtur,
