2834 4609
706 281 799 343 441

627 371 831 384 -u—-u

243 522 411 594 Mensura
442 524 543 609 igitur
575 529 675 609 poeta
706 526 759 594 hia
788 526 895 618 verbis
927 528 1066 596 alteram
1089 528 1197 610 riam,
1231 550 1296 614 qua

157 661 365 745 peruenirent
388 661 489 729 Stoici
510 668 631 729 natura
657 665 877 749 perquirm
903 665 946 732 ad
968 668 1228 736 constituendam
1250 668 1295 735 le

159 818 241 882 gem,
265 819 363 883 quam
385 805 575 885 sequeretur
596 800 692 869 homo
713 823 845 870 necesse
868 811 962 872 osset.

111 965 113 973 ’
244 962 348 1041 Quam
368 964 675 1049 interpretationem
705 968 733 1032 si
756 967 939 1051 sequimur,
964 968 1055 1035 nulla
1073 970 1143 1053 jam
1166 974 1296 1036 restare

158 1099 238 1166 mihi
261 1099 390 1167 uidetur
418 1100 593 1168 verborum
623 1101 815 1169 obscuritas.
859 1105 1003 1170 Primum
1034 1107 1119 1172 enim
1141 1127 1200 1172 nos
1222 1106 1297 1173 hor-

160 1243 251 1304 tatur
272 1238 404 1306 Persius
433 1257 498 1307 uno
525 1238 624 1308 verbo
651 1240 803 1326 „discite“
828 1241 871 1307 ad
893 1243 1134 1327 suscipiendam
1156 1243 1298 1328 philoso-

158 1377 284 1463 phiam,
316 1376 431 1444 deiude
460 1378 570 1460 docet,
594 1379 679 1445 unde
702 1378 932 1464 egrediendum
955 1382 1014 1462 sit,
1039 1386 1117 1446 tum·
1132 1382 1297 1466 quomodo

158 1516 383 1599 perveniamus
409 1517 575 1601 progressi
598 1537 618 1582 a
639 1516 773 1602 physica
802 1517 845 1583 ad
868 1539 1025 1584 summam
1042 1504 1293 1604 philosophiam,

160 1652 203 1723 ad
225 1653 365 1720 ethicam
389 1652 584 1733 doctriuam3
613 1655 857 1739 comprehendit
879 1677 951 1723 eam
967 1655 1089 1723 verbis:

196 1839 199 1843 ·
266 1829 350 1894 „qua
370 1807 478 1875 mollis
499 1808 601 1875 flexus
624 1815 657 1875 et
679 1809 794 1875 unde.“

137 2049 142 2058 Ι
247 1965 454 2052 Comparatio
470 1967 555 2031 vitae
570 1965 732 2032 humanae
745 1986 817 2031 cum
829 1967 990 2034 curriculo
1006 1968 1185 2053 aurigaque
1197 1971 1297 2036 etiam

160 2102 248 2189 apud
277 2124 337 2170 nos
366 2110 416 2169 est
444 2105 583 2184 usitata,
612 2123 811 2188 quamquam
842 2105 970 2188 saepius
1002 2126 1075 2172 cum
1103 2107 1186 2173 mari
1216 2112 1297 2172 tem.-
1409 2097 1410 2102 ¹

160 2248 312 2340 pestuoso
343 2224 519 2309 confertur.
572 2241 619 2307 Ut
646 2241 796 2325 aurigae,
826 2242 875 2307 ita
905 2244 1003 2309 etiam
1040 2245 1139 2310 cuivis
1175 2245 1297 2312 homiui

161 2385 270 2446 certus
298 2378 371 2446 finis
402 2385 451 2445 est
479 2380 686 2465 propositum
719 2401 774 2445 ars
796 2380 897 2465 igitur
920 2382 1091 2465 aurigandi
1113 2381 1148 2448 id
1170 2391 1219 2450 est
1240 2404 1297 2450 au·
1409 2405 1410 2482 ᾗ

160 2519 251 2603 rigae
273 2516 361 2602 quod
388 2517 511 2583 homini
540 2538 593 2584 ars
625 2517 767 2599 vivendi3
795 2516 896 2585 habet
924 2519 979 2585 ille
1001 2527 1186 2607 praecepta,
1211 2543 1293 2607 quae

163 2653 205 2722 ad
225 2655 319 2740 bigas
341 2657 515 2741 pertinent,
538 2656 600 2737 hic,
625 2636 709 2740 quae
734 2655 908 2722 advitam.
939 2656 1010 2722 Hoc
1030 2657 1103 2725 loco
1125 2678 1190 2724 non
1213 2619 1297 2743 cogi·
1409 2681 1410 2730 1

162 2793 299 2860 tandum
320 2799 400 2879 puto
423 2791 462 2860 de
492 2800 596 2861 morte
623 2795 705 2876 leni,
737 2775 820 2878 quae
850 2795 894 2860 sit
922 2791 997 2860 finis
1019 2795 1296 2878 vitaehumanae,

162 2937 201 2996 ut
222 2913 368 2998 nonnulli
391 2933 586 3017 interpretes
609 2932 731 2997 volunt.

230 3055 419 3172 Versibus,
451 3088 508 3172 qui
538 3093 736 3171 sequuntur,
766 3093 871 3171 poeta,
892 3085 995 3154 fusius
1024 3085 1063 3155 de
1077 3047 1199 3154 ¹ethica
1227 3090 1298 3174 ipsa

165 3225 313 3310 loquitur
334 3229 577 3309 praeceptaque
594 3224 722 3307 singula
738 3231 874 3306 tractat3
898 3224 956 3292 sed
976 3246 1082 3311 neque
1103 3233 1300 3316 certumor-
1409 3191 1410 3266 3

165 3361 282 3444 dinem,
305 3383 410 3453 neque
434 3363 559 3429 Stoicos
582 3348 739 3446 sequitur.

253 3515 353 3584 Stoici
375 3518 460 3583 enim
488 3517 550 3583 hoc
579 3518 647 3582 fere
675 3517 773 3584 modo
802 3517 842 3583 de
871 3518 978 3585 ethica
1011 3520 1208 3603 summisque
1232 3519 1300 3583 eius

108 3667 110 3670 ’
166 3653 327 3742 capitibus
349 3655 564 3721 disserebant.
593 3656 714 3748 Legem
738 3655 824 3720 unde
845 3662 971 3741 petant,
993 3657 1074 3721 nihil
1097 3655 1218 3722 habent
1239 3657 1302 3721 nisi

165 3798 327 3859 naturam.
374 3793 580 3872 Quaerebant
604 3795 722 3878 igitur,
753 3793 797 3859 ad
825 3816 983 3878 quasnam
1014 3816 1067 3861 res
1089 3801 1208 3861 natura
1230 3795 1302 3879 ipsa

166 3932 411 4015 impellerentur
433 3953 581 4016 quaeque
596 3937 633 3997 ut
648 3931 839 4015 fugerentur
852 3938 1120 4016 proponerentur.
1158 3933 1301 3997 Primum

169 4067 299 4151 quidem
328 4068 465 4153 quisque
494 4066 590 4154 homo
617 4074 737 4135 natura
765 4090 803 4133 eo
833 4069 956 4149 tendit,
984 4073 1021 4133 ut
1043 4069 1205 4153 seipsum
1228 4090 1303 4134 con-

167 4209 283 4268 servet.
