2834 4609
714 262 732 319 6

620 350 826 364 ψ

154 513 275 578 natura
303 506 345 574 sb
366 507 407 575 iis
428 511 617 594 procreata,
647 507 812 593 cognitum
835 506 949 588 habet3
978 507 1095 578 deiude
1122 509 1172 577 sui
1194 508 1303 594 ipsius

155 644 297 712 indolem
325 645 432 726 uouit,
461 645 567 730 qualis
597 646 640 712 sit
669 651 806 726 natura,
836 645 915 730 quid
942 646 1018 714 huic
1040 652 1153 733 aptum
1176 644 1301 732 quidve

158 784 368 865 conuarmm,
392 782 472 869 quid
492 782 675 851 faciendum
697 783 959 872 evitandumque,
982 792 1021 852 ut
1042 806 1116 852 vere
1131 785 1175 852 sit
1196 784 1298 851 homo

153 943 234 992 neve
256 920 396 994 declinet
417 922 451 988 in
473 922 566 1007 peius
588 927 750 1008 exuatque
772 922 1019 991 humanitatem.

240 1058 449 1145 Philosophia
470 1060 571 1145 igitur
586 1066 619 1126 et
640 1060 784 1126 studium
806 1061 978 1128 virtutis
1000 1067 1060 1143 est,
1084 1082 1182 1147 quarn
1204 1060 1296 1159 apud

155 1198 282 1267 Stoicos
303 1199 500 1268 recentiores
519 1199 659 1285 positam
682 1220 751 1266 esse
772 1205 807 1266 in
821 1200 1034 1286 dispositione
1056 1199 1101 1266 ad
1119 1200 1293 1284 integrita-

154 1343 221 1404 tem
250 1358 377 1406 morum
402 1336 557 1419 vidimus,
594 1341 629 1404 et
658 1337 803 1406 studium
835 1339 1095 1425 sapientiae,
1131 1358 1215 1426 quae
1245 1342 1298 1404 est

157 1476 293 1544 scientia
314 1496 423 1544 rerum
444 1474 659 1546 humanarum
682 1474 939 1562 divinarumque.
949 1478 974 1562 ¹)

246 1614 393 1682 Persium
415 1633 543 1699 quoque
565 1613 678 1681 eadem
693 1614 821 1681 rationo
836 1612 876 1681 de
891 1613 953 1680 hac
967 1635 1003 1680 rs
1019 1614 1180 1700 cogitasse
1201 1616 1296 1702 sequi

155 1752 241 1824 mihi.
256 1751 384 1820 uidetur
406 1773 446 1819 ex
466 1719 628 1819 verubus:

262 1889 415 1973 „Discite
437 1890 469 1958 io
490 1891 611 1988 miseri,
635 1896 668 1958 et
691 1911 807 1958 causas
829 1894 1016 1979 cognoscito
1037 1914 1164 1964 rerum:

263 2027 370 2110 „Quid
391 2049 512 2112 sumus,
535 2033 570 2096 et
591 2028 748 2116 quidnam
769 2030 888 2098 victuri
910 2031 1088 2117 gignimur;
1111 2032 1191 2100 ordo

262 2166 361 2250 „ouis
382 2166 496 2249 datus,
518 2172 576 2238 aut
597 2171 704 2235 metae
727 2188 793 2254 qua
814 2168 922 2236 mollis
944 2168 1048 2238 flexus
1071 2174 1105 2237 et
1125 2169 1228 2253 uude;

259 2305 361 2390 „Quis
381 2304 497 2374 modus
518 2311 664 2392 argento,
688 2307 767 2393 quid
789 2305 839 2374 fas
862 2311 987 2393 optare,
1010 2307 1091 2393 quid
1111 2328 1206 2394 asper

263 2444 371 2529 „Utile
392 2465 542 2512 nummus
563 2442 679 2526 habet3
708 2446 837 2531 patriae
860 2446 1008 2531 carisque
1030 2446 1220 2533 propinquis

263 2583 447 2666 „Quantum
469 2582 602 2669 elargiri
624 2583 758 2666 deceat3
781 2589 934 2669 queunte
957 2583 1036 2652 deus
1059 2547 1130 2652 esse
1152 2587 1154 2590 ’

196 2703 198 2706 ’
261 2721 393 2805 „iussit
418 2727 451 2789 et
472 2720 615 2790 humana
638 2741 705 2807 qua
725 2727 821 2808 parte
842 2722 971 2790 locatus
994 2743 1028 2790 es
1050 2722 1085 2790 in
1106 2729 1170 2790 re.“
1188 2725 1214 2808 2)

243 2861 331 2942 Quos
345 2882 457 2929 versus
472 2861 500 2930 si
512 2851 696 2929 accuratius
711 2861 904 2947 inspexeris,
920 2860 1016 2927 facile
1031 2860 1071 2928 do
1086 2860 1289 2948 philosophia

156 3020 336 3072 sermonem
363 3021 435 3067 esso
464 3000 599 3086 eiusque
629 3020 757 3068 summa
784 3001 896 3086 capita
923 3005 1057 3085 poetam
1077 3000 1224 3084 tetigisse
1245 3001 1290 3066 in·

155 3138 293 3226 telliges.
315 3137 470 3206 Versibus
492 3137 764 3227 praecedentibus
787 3137 922 3225 fingitur
943 3140 1043 3206 miser
1065 3137 1198 3223 quidam
1213 3144 1290 3205 tem·
1351 3218 1354 3222 ⁴

155 3277 244 3365 poris
258 3297 412 3367 pervorsa
427 3275 538 3346 studia
553 3282 721 3364 sequutus,
744 3298 840 3364 quem
855 3277 944 3345 vitiis
967 3276 1120 3346 obrutum
1141 3277 1287 3346 libidines

155 3415 205 3484 ita
225 3420 349 3496 tenent,
371 3416 496 3492 utiam
518 3414 597 3503 quid
619 3421 707 3503 agat,
730 3415 848 3501 quidve
863 3416 942 3483 velit
955 3416 1090 3484 nesciat.
1115 3414 1288 3503 Comparat

155 3560 254 3642 poeta
274 3554 376 3626 talem
404 3554 566 3624 hominem
595 3575 669 3626 cum
678 3550 809 3642 puero,
836 3556 894 3643 qui
914 3556 949 3624 in
970 3555 1057 3624 diem
1079 3555 1176 3638 vivit,
1205 3561 1288 3623 testa

155 3693 291 3781 lutoque
313 3715 426 3762 corvos
448 3695 604 3781 sequitur,
628 3696 680 3764 cui
696 3695 776 3782 quid
790 3695 913 3763 homiui
928 3696 971 3762 sit
985 3694 1189 3783 propositum
1212 3700 1284 3762 ante

156 3834 267 3904 oculos
288 3851 354 3902 non
375 3841 540 3901 versetur:

230 4136 246 4206 ¹)
263 4135 423 4192 Plutarchus
441 4136 476 4191 de
492 4135 559 4206 plac.
577 4136 642 4206 phil.
660 4137 681 4192 Ι.
698 4152 816 4207 prooem
834 4135 887 4194 vid.
907 4152 969 4208 pag.
988 4139 1014 4193 ὃ.

227 4231 250 4294 ²)
268 4230 340 4286 Satir
357 4230 406 4299 111,
423 4232 465 4286 66.
484 4246 541 4302 sqq.
