2834 4609
611 260 651 322 89

169 505 270 587 „Pars
291 510 351 571 tua
372 506 429 588 sil,
453 505 605 588 Cornute,
628 507 765 587 animae,
788 504 858 587 tibi,
881 505 985 572 dulcis
1006 506 1118 588 amice,

170 642 379 725 „Ostendisse
400 645 505 710 iuvat:
527 644 632 731 pulsa,
655 643 823 711 dinoscere
845 649 969 724 cautus,

171 782 276 863 „Quid
298 782 437 849 solidum
460 792 570 867 crepet
592 789 626 848 et
647 785 755 869 pictae
777 785 918 850 tectoria
940 784 1079 868 linguae.

169 921 249 1003 „His
272 942 332 1007 ego
354 927 506 988 centenas
528 923 633 987 ausim
655 921 829 1006 deposcere
851 943 954 1002 voces

169 1059 244 1141 „Ut,
268 1065 425 1144 quantum
447 1060 526 1126 mihi
550 1065 583 1126 te
606 1061 736 1126 sinuoso
758 1062 793 1125 in
814 1067 945 1144 pectore
967 1059 1024 1125 fixi

169 1197 276 1278 „Voce
298 1198 428 1265 traham
449 1219 542 1283 pura,
564 1203 735 1283 totumque
757 1199 818 1266 hoc
840 1198 939 1264 verba
960 1200 1134 1284 resignent,

169 1335 285 1418 „Quod
306 1336 388 1403 latet
410 1358 531 1403 arcana
551 1357 617 1403 non
640 1337 821 1402 enarrabile
843 1336 935 1402 fibra.
944 1340 990 1422 1)“

152 1473 255 1541 Immo
279 1497 354 1540 vero
377 1475 506 1541 Persius
528 1476 705 1541 amicitiam
727 1477 813 1541 inter
834 1477 970 1542 virtutes
992 1481 1155 1541 numerat:

176 1614 239 1695 „Es
261 1612 406 1679 modicus
427 1613 518 1679 voti?
539 1634 653 1697 presso
676 1614 770 1680 lare?
793 1613 897 1680 dulcis
920 1615 1089 1698 amicisr2)

69 1750 186 1818 Mirum
200 1755 236 1818 in
245 1752 377 1820 modum
389 1752 490 1820 Stoici
505 1753 710 1819 disserebant
729 1755 765 1818 in
784 1754 916 1837 scriptis
931 1751 971 1818 de
986 1748 1200 1840 χρηστὸτνιος

12 1950 13 1981 ἶ
69 1891 197 1957 virtute.
220 1888 382 1956 Volebant
399 1892 499 1972 enim,
522 1892 703 1975 sapientem
721 1890 912 1957 benevolum
933 1891 1064 1975 quidem
1082 1913 1151 1958 esse
1165 1894 1200 1958 in

12 2010 14 2039 ¹
69 2036 192 2096 ceteros
213 2029 370 2111 homines,
398 2031 456 2095 sed
478 2030 687 2097 nihilominus
710 2030 970 2111 misericordiae,
1002 2053 1085 2113 quae
1115 2039 1200 2097 esset

12 2290 14 2423 ᾗ
68 2306 325 2374 adnumerabant
340 2306 517 2388 affectibus,
534 2329 554 2372 a
572 2307 689 2390 quibus
712 2308 840 2391 sapiens
862 2307 944 2372 liber
967 2329 1036 2373 esse
1059 2307 1200 2373 deberet.

12 2426 14 2473 l
1248 2460 1250 2463 .

172 2466 276 2552 „Oddi
300 2470 364 2558 μήν
389 2469 641 2559 λυπηθήσεσθαι
661 2470 717 2534 τᾶν
738 2472 858 2557 σοφόν,
887 2469 939 2535 did
960 2470 999 2535 τὸ
1020 2471 1077 2558 τήν
1097 2471 1203 2558 λύπην

171 2742 388 2835 „meduwaie
408 2771 444 2813 ce
466 2747 511 2835 μή
535 2739 627 2825 εἶναι,
650 2748 836 2836 συγγνώμην
849 2771 886 2813 τε
907 2746 993 2830 ἔχειν
1013 2750 1168 2837 eadwlf)

12 2572 14 2637 ᾗ
191 2603 302 2694 ἄλογον
324 2601 406 2675 εἶναι
419 2615 437 2646 “

12 2646 17 2889 ι
169 2662 189 2693 2>
409 2661 415 2674 ·
460 2659 468 2673 ·
491 2659 498 2673 ·
522 2659 530 2673 ·

181 2913 237 2995 „Si
260 2935 336 2998 ergo
359 2916 393 2979 in
407 2915 536 2981 homine
551 2914 763 2999 praeclarum
779 2912 814 2980 et'
835 2915 993 2981 excellens
1009 2921 1058 2980 est
1072 2915 1202 2996 bonum,

177 3052 437 3132 „misericordia
474 3052 574 3136 idque
603 3052 720 3117 divinis
750 3054 943 3118 testimoniis
974 3060 1008 3118 et
1044 3054 1202 3120 bonorum

178 3189 422 3274 „malorumque
459 3210 617 3257 consensu
659 3192 816 3275 optimum
846 3190 1029 3272 judicatur,
1066 3200 1205 3276 apparet

176 3327 388 3412 philosophos
410 3328 506 3413 longe
528 3329 670 3394 abluisse
685 3329 727 3395 ab
742 3330 883 3395 humano
905 3328 1000 3409 bono,
1023 3332 1079 3412 qui
1101 3352 1204 3414 neque

177 3471 435 3554 „praeceperant
470 3468 627 3535 eiusmodi
668 3468 869 3553 quidquam,
905 3488 1010 3552 neque
1049 3468 1204 3547 lecerunt,

67 3699 476 3711 Ἣ

143 3830 159 3897 ¹)
177 3829 255 3884 Satir.
274 3830 305 3897 V,
323 3831 356 3884 21
375 3846 433 3899 sqq.

138 3926 160 3986 ²)
180 3923 257 3977 Satir.
276 3924 309 3990 V,
330 3927 390 3993 1093
409 3925 442 3978 cf.
462 3925 571 3979 Sanco.
590 3939 630 3993 ep.
649 3926 673 3991 9,
691 3927 714 3978 8.

138 4016 158 4094 ³)
182 4016 372 4097 Χρηστὸτητα
395 4021 435 4086 ,δὲ
469 4006 542 4078 εἶναι’
584 4018 743 4097 ἐπιστήμην
786 4020 973 4099 :declaranda
1025 4030 1113 4085 Stob.
1137 4030 1153 4082 l.
1180 4046 1201 4084 c.

69 4119 102 4173 cl.
121 4119 226 4175 Cicer.
245 4115 325 4178 Taso.
342 4122 388 4189 IV,
406 4124 431 4188 8,
450 4125 490 4175 18.

138 4217 159 4282 ⁴)
178 4217 271 4286 arog.
289 4215 380 4272 neeri.
399 4216 458 4284 vn,
477 4217 534 4271 120.
555 4218 610 4271 raa.
