2834 4609
744 271 786 330 50

662 361 869 372 —-—--—·---

303 516 427 596 „Curvo
448 514 546 596 subit,
569 515 620 580 vel
643 536 743 598 quum
766 515 851 580 fallit
873 514 956 599 pede
977 514 1092 598 regule
1112 534 1200 594 voro,

302 653 363 734 „Et
384 653 471 738 potis
493 673 528 719 es
550 652 679 735 nigrum
700 653 780 718 vitio
802 651 982 736 praefigere
1011 651 1170 737 thete¹)?“

110 853 113 860 .
193 791 250 857 ubi
273 791 402 857 deridet
423 813 507 874 eum,
524 791 580 875 qui
607 785 776 873 εὐβουλίαν
799 792 953 858 virtutem
971 790 1041 874 jem
1064 809 1099 854 se
1120 793 1336 872 assequutum

193 951 263 996 esse
281 934 380 1016 putat
403 931 565 1012 scireque,
595 929 676 1013 quid
696 949 827 1014 quoque
848 928 883 994 in
909 949 946 994 re
972 926 1157 994 faciendum
1185 926 1239 993 vel
1268 928 1337 991 evi-

197 1066 336 1133 tandum
359 1069 412 1149 eit,
437 1068 583 1152 quamvis
604 1067 722 1133 harum
743 1067 887 1134 omnium
908 1088 1019 1132 rerum
1040 1068 1083 1131 sit
1104 1065 1236 1132 inscius.
1260 1066 1337 1131 Alio

192 1207 263 1271 loco
286 1200 454 1289 εὐβουλίαν
476 1207 629 1272 virtutem
652 1204 805 1272 ettiibuit
826 1205 930 1271 amico
952 1226 1011 1271 suo
1034 1204 1193 1271 Cornuto:

294 1343 486 1428 „Quumque
516 1345 580 1411 iter
608 1343 797 1428 ambiguum
819 1350 870 1411 est
898 1350 932 1410 et
960 1345 1047 1410 vitoe
1079 1343 1208 1409 nescius
1239 1363 1335 1407 error

216 1486 266 1545 35.
297 1482 459 1564 „Deducit
479 1482 625 1567 trepidas
647 1504 778 1550 ramosa
798 1484 834 1548 in
856 1483 999 1567 compita
1019 1486 1154 1563 mentes,

295 1620 369 1701 „Me
391 1620 453 1685 tibi
475 1621 644 1704 supposui:
667 1626 797 1687 teneros
818 1626 855 1687 tu
878 1621 1015 1705 suscipis
1038 1641 1140 1685 annos

295 1758 492 1840 „Socratico
517 1759 669 1839 Cornuto,
693 1759 780 1839 sinu3
802 1763 873 1824 tum
895 1757 1009 1824 fellere
1031 1757 1144 1823 sollers
1258 1739 1260 1743 ¹

294 1898 475 1981 „Appositis
496 1897 636 1962 intortos
659 1895 807 1961 extendit
827 1896 942 1979 regula
963 1916 1080 1978 mores,

294 2034 359 2115 „Et
379 2036 540 2118 premitur
561 2034 688 2099 ratione
711 2034 840 2100 animus
861 2035 1011 2117 vincique
1032 2033 1172 2115 loborat,

211 2176 263 2237 40.
293 2170 624 2256 „A1tifioemquetuo
646 2171 739 2236 ducit
759 2170 820 2236 sub
841 2171 960 2256 pollice
982 2171 1107 2237 vultum
1118 2172 1177 2257 ¹).“

278 2309 418 2391 Stultos,
452 2331 535 2394 quae
569 2308 634 2374 sint
656 2307 778 2390 officia,
810 2308 888 2393 quid
911 2276 1234 2393 faciendumquidie
1264 2309 1329 2374 evi-

189 2446 324 2512 tandum
346 2453 447 2530 atque
468 2445 554 2511 unde
577 2446 698 2512 ducunt
720 2446 836 2512 harum
864 2467 974 2512 rerum
1003 2447 1174 2513 scientiam
1202 2448 1327 2512 nescire

190 2585 343 2668 exprimit
364 2585 399 2649 in
420 2583 534 2649 eadem
557 2584 707 2671 satira.³)

190 2724 291 2804 Eum,
321 2723 378 2807 qui
407 2723 529 2804 nescit,
553 2722 632 2806 quid
661 2721 846 2789 laciendum
875 2723 927 2803 sit,
950 2722 1098 2808 depingit
1124 2722 1186 2789 hoc
1214 2722 1325 2789 modo:

293 2862 364 2943 „En
387 2861 465 2945 quid
487 2862 578 2945 agis?
608 2859 732 2944 duplici
753 2861 788 2925 iu
810 2861 973 2927 diversum
996 2859 1154 2927 scindetis
1176 2863 1280 2928 hamo.

293 2999 491 3082 „Hunccine
514 3020 557 3064 an
578 2998 663 3064 hunc
689 3000 877 3082 sequeris?“
913 3048 918 3058 .

292 3138 475 3221 „Quidnam
497 3138 598 3223 igitur
612 3136 809 3223 laciam⁴)?“

189 3278 371 3345 Secundam
414 3278 568 3344 virtutem
619 3278 846 3362 complectitur
893 3276 1068 3362 prudentis
1117 3271 1325 3363 εὐλογιστίαν.

291 3412 521 3501 „Elleywclcv
551 3414 587 3480 δὲ
609 3412 762 3504 (ἔφασαν)
786 3410 965 3503 ἐπιστήμην
986 3411 1243 3503 ἅνταναιρετικὴν
1269 3417 1324 3482 καὶ

290 3553 357 3640 „llll
379 3553 627 3642 κὸφᾱλεινπικὴν
646 3558 710 3618 τῶν
723 3553 912 3638 γιγνομένων
924 3552 979 3618 καὶ
994 3547 1286 3635 ἅποτελουμένων.“
1295 3554 1323 3641 ⁶)

263 3807 279 3874 ¹)
298 3805 376 3860 Setir.
394 3805 449 3871 IV,
467 3819 524 3874 sqq.

257 3909 277 3979 ²)
295 3908 374 3963 Satin
393 3908 425 3973 V,
443 3910 478 3961 34
496 3922 553 3977 sqq.

254 4013 276 4081 3)
293 4010 354 4065 Vid.
371 4025 440 4064 vers,
457 4013 490 4065 93
510 4025 542 4079 sq
567 4027 593 4080 p.
612 4013 653 4065 43.

254 4115 275 4185 l)
293 4112 361 4168 Ibid.
379 4129 449 4168 vers.
469 4116 526 4180 154,
547 4116 597 4167 155
614 4119 641 4166 et
661 4113 718 4167 172.

257 4218 275 4280 5)
295 4216 383 4271 stob.
403 4219 420 4270 l.
439 4234 460 4269 c.
554 4285 567 4300 ,
