2834 4609
556 261 762 362 ...11-

86 497 224 587 Zenoni,
246 503 320 571 aliis
336 504 541 591 placuerint3
564 504 623 573 sed
642 505 766 573 audir'a
778 507 859 573 satis
883 527 953 574 assa
975 507 1151 593 opinantur
1172 528 1228 574 nc·

86 663 156 727 quc
177 662 369 727 persuasum
391 641 453 709 sibi
474 641 605 725 habent,
628 665 705 710 vera
727 666 798 712 esse
813 667 862 728 ea,
885 666 969 731 quaa
983 645 1227 732 praecipiantur

84 801 113 845 a
133 778 345 866 sapientibus.
368 780 454 848 Hinc
476 782 565 863 vitia,
587 781 664 847 hino
686 802 813 849 errores
835 788 868 849 et
890 788 1034 868 paccata.
1070 783 1228 870 Volupta-

85 922 159 984 tem
187 917 378 1003 praeferunt
404 920 534 1001 virtuti,
564 920 655 986 curius
681 918 808 986 fructus
835 921 938 987 multo
968 920 1129 989 dulciores
1159 942 1229 988 esso

68 1056 255 1137 ·nesoiant;
282 1055 410 1123 labores
431 1062 580 1125 metuunt
602 1058 823 1143 suscipiendos
845 1058 890 1124 ad
910 1059 1143 1144 assequendam
1164 1060 1229 1125 rir-

87 1197 207 1277 tutem,
229 1214 327 1279 quam
348 1216 449 1261 unum
470 1196 681 1262 essebonum
702 1197 863 1281 ignorent.

180 1332 231 1398 Ex
252 1332 410 1400 eiusmodi
430 1332 623 1415 hominibus,
647 1334 702 1418 qui
724 1355 759 1399 se
780 1334 988 1419 philosophos
1009 1355 1079 1401 esse
1100 1340 1227 1420 putent,

89 1468 152 1536 sed
172 1490 286 1536 revera
307 1492 372 1536 non
393 1471 477 1552 sint,
506 1472 622 1557 petivit
649 1476 749 1557 poeta
771 1472 934 1557 exempla,
964 1493 1049 1556 quaa
1070 1472 1163 1540 nobis
1185 1473 1228 1540 ad

89 1607 320 1710 castigandam
349 1610 505 1695 temporis
531 1611 777 1695 perversitatem
804 1610 968 1696 proponit.
1028 1609 1114 1689 Quid
1131 1610 1228 1677 anim

89 1746 185 1813 aliud
207 1750 257 1812 est
278 1747 403 1814 iuvenis
425 1747 513 1813 illius
535 1748 659 1829 irrisus,
683 1767 777 1832 quem
800 1747 1026 1833 philosophiae
1047 1769 1083 1815 sa
1102 1745 1229 1816 dedisse
1333 1778 1335 1784 s

92 1884 272 1952 ostendunt
293 1906 375 1951 vers.
401 1891 440 1951 10
463 1890 496 1953 et
522 1891 577 1950 11:

201 2024 288 2104 „Iam
309 2022 391 2090 liber
414 2029 448 2091 et
468 2025 585 2110 positis
606 2013 731 2091 bicolor
752 2022 941 2091 membrana
963 2023 1091 2110 capillis

201 2162 321 2247 „Inque
342 2182 456 2228 manus
478 2162 611 2228 chartae
632 2161 820 2247 nodosaque
842 2162 930 2229 vonit
951 2162 1105 2245 arundc‚“

92 2301 153 2387 qui
174 2300 382 2375 nihilominus
409 2299 526 2380 „effluit
548 2304 690 2380 amens“‚
713 2320 811 2383 quam
832 2300 983 2366 iuvenum
1010 2302 1154 2368 omnium
1177 2322 1230 2368 ca·

92 2438 232 2521 villatio,
255 2438 312 2523 qui
334 2438 473 2522 speciem
489 2437 620 2522 quidem
634 2437 884 2523 philosophandi
898 2439 1093 2525 virtutisque
1108 2440 1229 2507 amoris

93 2576 140 2642 ad
161 2576 278 2641 melius
307 2596 373 2641 non
399 2575 591 2641 vertantur?
619 2574 732 2641 Monet
752 2574 834 2642 istos
855 2581 970 2660 pocta,
992 2598 1033 2643 nc
1055 2577 1137 2643 satis
1159 2597 1230 2644 essa

92 2713 297 2781 arbitrentur
326 2713 369 2779 ad
395 2711 491 2779 beate
520 2713 691 2779 vivendum
718 2713 849 2780 divitias
871 2714 1110 2800 gloriosumque
1133 2719 1230 2782 stem-

92 2874 150 2920 ma
170 2891 215 2902 -
237 2852 301 2935 „ad
322 2852 477 2937 populum
499 2852 670 2937 phaleras“
693 2892 754 2935 -,
786 2851 842 2918 sed
872 2854 1026 2919 uirtutem
1049 2854 1152 2920 solam
1173 2874 1230 2939 pe·

93 2992 227 3059 tendam
254 3013 339 3073 esse;
369 2991 458 3075 quod
486 3012 527 3057 ne
556 2992 685 3076 longius
715 2991 885 3073 differant,
914 2996 1040 3074 monet,
1064 3013 1164 3075 quum
1186 2993 1230 3058 sit
1274 3005 1279 3014 ·

94 3129 204 3195 adhuc
226 3130 346 3211 „udum
369 3133 403 3195 et
423 3128 520 3196 molle
542 3129 674 3195 letum.“

196 3335 240 3345 —
263 3296 387 3378 „Nune
410 3314 496 3360 nunc
517 3293 741 3379 properandus
764 3299 797 3360 et
819 3295 887 3361 acri

197 3432 404 3518 „lingendus
426 3434 495 3501 sinc
517 3432 581 3499 fine
603 3434 733 3520 rota1)“
784 3483 788 3491 .
852 3426 856 3432 ’

92 3572 128 3640 Si
151 3572 236 3638 enim
257 3571 354 3638 homo

195 3709 333 3795 „Stupet
355 3710 433 3792 otio,
456 3708 546 3776 libris
568 3709 705 3776 increvit
728 3709 872 3796 opimum
893 3710 1080 3797 pingueffp
