2834 4609
724 230 785 297 108

195 516 200 533 =
284 482 367 566 „Ast
387 502 450 569 epo
469 481 593 551 nutrici
613 502 679 549 non
699 481 820 550 mundo
840 487 935 565 rota3
955 487 1084 571 negato,
1109 524 1114 537 ·

282 619 443 707 ‚papiae
464 620 547 695 baec
567 620 627 705 ur,
649 621 799 707 <prem
819 625 854 690 te
875 621 989 690 albata
1008 623 1169 709 rogarit&
1193 673 1200 690 .
1224 673 1231 690 .
1254 628 1281 690 .“

282 756 343 825 nt:

284 892 425 982 „Magne
444 900 539 983 pater
560 894 690 965 dirum
712 916 826 968 saeros
847 898 965 985 punire
986 904 1144 987 tyrannos

284 1030 407 1116 „uana
425 1030 493 1103 aba
513 1036 644 1105 ratione
662 1037 743 1105 velis
764 1043 827 1106 etc.
851 1086 859 1104 .
883 1087 892 1104 .
916 1044 945 1104 .“

285 1173 404 1256 „Hunc
423 1175 482 1258 ais,
503 1174 592 1243 hunc
611 1173 674 1243 dis
694 1175 792 1243 nafis
810 1140 1009 1264 ¹[genioque
1029 1175 1228 1264 sinistro.¹)“

182 1306 306 1379 Contra
327 1330 393 1396 eas,
415 1315 557 1402 quaein
577 1314 674 1400 vulgo
696 1320 792 1382 erant
813 1314 1000 1383 fabulando
1023 1314 1096 1399 diis,
1118 1315 1200 1383 nihil
1221 1314 1316 1381 disse

182 1449 300 1519 rebant
320 1450 439 1535 Stoici,
470 1452 559 1537 qnod
584 1452 693 1539 plebis
720 1454 865 1539 opinioni
885 1458 1100 1541 repugnaret,
1123 1472 1317 1544 quamquam
1393 1520 1394 1525 ,

184 1594 314 1659 tantm
328 1584 443 1674 abiud
457 1596 500 1658 nt
509 1591 608 1659 besee
621 1593 765 1677 ineptias
779 1612 840 1678 pro
855 1594 942 1660 reris
955 1591 1125 1676 haberent,
1139 1598 1180 1660 nt
1193 1591 1316 1661 fabulas

180 1727 289 1813 potius
311 1726 555 1797 contemnerent
576 1735 676 1819 atque
698 1724 911 1820 ἀλληγορικώς
931 1730 1244 1818 interpretarentur:

176 1916 182 1929 ·
284 1866 386 1971 „iude
413 1867 513 1951 etiam
538 1872 711 1955 poetarum
740 1867 833 1937 furor
860 1868 980 1941 fabulis
1007 1868 1167 1939 humanos
1196 1889 1319 1937 errores

284 2005 473 2111 „aientium
495 2005 614 2096 quibus
636 2008 724 2075 risus
739 2013 790 2075 est
803 2008 933 2095 Jupiter
946 2008 1115 2095 voluptate
1131 2007 1318 2077 concubitus

209 2216 215 2249 ·.
285 2144 467 2239 „delenitus
482 2144 666 2232 duplicasse
681 2149 827 2213 noctem:
850 2145 929 2236 quid
944 2146 1035 2215 aliud
1049 2152 1099 2214 est
1113 2147 1196 2215 vitia
1208 2151 1318 2215 nostro

287 2283 481 2368 „incendere
503 2305 602 2371 quam
623 2285 863 2383 auctoresillis
889 2283 1066 2354 inscribere
1088 2285 1167 2354 deos
1189 2291 1223 2355 et
1246 2285 1320 2353 dare
1394 2320 1395 2349 r

286 2421 420 2519 „morbo
442 2423 590 2509 exemplo
613 2422 794 2517 divinitatis
816 2430 1005 2491 excusatam
1027 2424 1193 2492 licentiam
1201 2424 1250 2512 ³)“

287 2556 382 2644 „Alia
403 2581 532 2651 quoque
547 2583 587 2629 ox
601 2560 729 2631 ratione
751 2567 785 2629 et
802 2561 932 2651 quidem
946 2562 1081 2649 physica
1094 2583 1214 2649 magna
1227 2561 1321 2630 fluxit
1394 2620 1395 2625 ,

288 2696 485 2783 „multitudo
508 2698 661 2784 deornm,
689 2698 747 2791 qui
773 2700 882 2768 induti
903 2700 1009 2788 specie
1030 2700 1173 2769 humana
1194 2699 1320 2769 fabulas
1394 2718 1395 2737 ¹

290 2839 417 2927 „poetis
441 2836 748 2927 suppeditaverunt,
770 2839 937 2907 hominum
958 2844 1068 2906 autem
1089 2838 1191 2907 rit-am
1213 2861 1321 2927 super·
1392 2752 1396 2927 d

290 2978 442 3060 „stitione
464 2977 552 3045 omni
573 2975 783 3044 referserunt.
827 2981 937 3063 Atque
958 2979 1011 3045 hic
1040 2976 1130 3045 locus
1152 3001 1174 3046 a
1194 2976 1320 3046 Zenone

286 3120 473 3198 „tractatum
492 3120 571 3201 post
586 3137 607 3185 a
622 3115 780 3184 Gleanthe
800 3120 836 3183 et
851 3117 1031 3203 Chrysippo
1052 3116 1202 3203 pluribus
1217 3115 1324 3184 uerbis

288 3256 562 3343 „explicatuscst
585 3255 778 3343 Namuvetus
791 3255 873 3323 haec
894 3256 1003 3342 opinio
1019 3255 1192 3323 Graeciam
1213 3255 1321 3342 opple

290 3394 354 3476 „vit
376 3393 501 3461 scilicet
522 3400 688 3461 exsectum
711 3394 845 3462 Caelum
867 3415 888 3462 a
909 3393 977 3462 filio
1001 3396 1156 3479 Saturno,
1179 3396 1319 3462 vinctum

292 3538 419 3616 „autem
449 3533 626 3602 Saturnum
654 3536 762 3621 ipsum
791 3557 813 3602 a
840 3533 908 3602 filio
936 3535 1027 3602 Jove.
1070 3510 1211 3622 Physios
1237 3533 1319 3601 ratio

293 3694 376 3756 „non
396 3673 563 3761 inelegans
585 3674 713 3741 inclusa
734 3680 786 3742 est
806 3675 841 3741 in
859 3674 977 3761 impias
992 3673 1121 3742 fabulas
1144 3678 1205 3742 etc.
1230 3724 1237 3739 .
1262 3724 1270 3739 .
1293 3674 1319 3736 .“

258 3924 276 3989 ¹)
294 3923 373 3977 Satir.
391 3924 425 3991 11,
442 3924 476 3978 28
494 3939 548 3993 sq.;
565 3927 613 3993 393
631 3940 688 3995 sqq.
706 3925 760 3979 vid.
777 3942 804 3995 p.
824 3927 882 3981 118.
900 3924 942 3980 Cf.
959 3925 1022 3980 ibid.
1040 3926 1074 3981 62
1091 3923 1314 3996 scq.vidp.116;

187 4012 220 4063 71
241 4025 280 4079 sq.
298 4009 353 4063 vid.
372 4009 436 4064 ibid.

257 4104 277 4169 ²)
296 4103 374 4157 Satin.
391 4103 439 4156 III.
457 4105 506 4172 353
523 4104 569 4170 IV,
587 4104 635 4172 273
653 4105 686 4158 cf.
704 4104 737 4171 V,
756 4106 818 4172 1143
838 4107 904 4173 1373
924 4107 980 4158 186.

257 4198 278 4264 ³)
297 4198 411 4254 Senec.
430 4197 464 4251 de
479 4198 554 4253 brev.
572 4199 618 4252 vit
638 4200 679 4266 16,
697 4200 721 4252 5.
