2834 4609
662 271 697 332 11

576 364 780 372 m

200 519 368 604 Sapientia
384 519 469 585 enim
485 525 535 585 est
550 519 782 605 scientia31)
805 520 943 585 virtus
959 525 1010 585 est
1025 515 1176 596 διάθεσις
1189 521 1246 607 τῆς

114 661 235 746 ψυχῆς,
252 656 313 743 (Of.
332 681 364 742 p.
379 660 423 742 4.)
439 656 615 742 ,dispositio
636 660 752 739 auimi3
772 660 822 724 vel
831 680 930 742 quum
945 659 1069 725 Seneca
1084 660 1118 724 in
1134 657 1247 724 defini·

110 795 195 861 enda
209 795 414 881 philosophia
429 796 559 861 virtutis
571 796 715 862 studium
732 798 965 882 appetitionem
981 803 1089 863 rectae
1105 797 1245 862 rationis

110 934 161 999 vel
171 934 381 1018 corrigendae
389 935 507 1002 mentis
520 956 589 1000 esse
601 935 689 1016 velit,
699 934 868 1021 dispositio
879 921 997 1000 mentis
1006 935 1056 1001 vel
1064 935 1211 1000 rationis.
1220 937 1246 1020 2)

112 1072 176 1139 Sed
199 1094 298 1156 quum
315 1073 426 1157 'neque
446 1072 677 1157 intelligamus,
700 1094 806 1157 neque
828 1074 967 1138 sciamus
984 1073 1162 1158 quidquam
1184 1075 1247 1139 nisi

112 1211 253 1292 ratione,
277 1211 485 1295 sapientia
511 1232 639 1295 quoque
662 1210 833 1295 dispositio
855 1211 991 1277 rationis
1013 1216 1071 1276 est.
1086 1210 1248 1276 Studium
1273 1287 1283 1310 1

111 1349 214 1433 igitur
234 1350 413 1434 sapientiae
430 1370 531 1434 aeque
548 1371 586 1415 ac
602 1349 746 1414 studium
761 1350 891 1416 virtutis
914 1355 964 1416 est
979 1343 1122 1415 studium
1137 1354 1246 1415 rectae

112 1488 265 1553 rationis:
297 1489 462 1570 sequitur,
485 1494 523 1554 ut
544 1488 646 1554 virtus
668 1487 755 1553 idem
776 1508 797 1553 a
820 1487 938 1553 Stoicis
960 1486 1136 1569 habeatur,
1160 1487 1248 1573 quod

111 1626 319 1711 sapientia.³)

197 1764 308 1829 Persio
342 1738 472 1849 quoque
504 1766 697 1849 sapientiam
724 1766 810 1832 idem
839 1767 938 1831 fuisse
968 1765 1055 1849 quod
1083 1765 1247 1845 virtutem,

109 1880 178 1984 sire
206 1907 296 1967 recte
323 1901 469 1987 beneque
506 1905 613 1970 virere
630 1926 679 1969 ex
713 1909 775 1970 sat.
812 1904 856 1984 V,
897 1908 958 1967 104
995 1924 1064 1987 sqq.
1099 1907 1247 1988 apparet.

110 2040 273 2106 Describit
302 2041 386 2106 enim
413 2041 464 2106 his
500 2042 645 2109 versibus
678 2054 777 2128 poeta
813 2064 900 2124 eum,
936 2062 1032 2125 quem
1067 2042 1248 2126 sapientem

109 2179 272 2246 nominari
294 2180 380 2246 vult:

271 2317 361 2398 „Tibi
382 2324 472 2385 recto
495 2321 600 2386 vivere
624 2322 692 2386 talo

115 2459 187 2521 105.
222 2456 302 2538 „Ars
325 2456 423 2538 dedit,
447 2462 480 2523 et
502 2460 569 2524 veri
591 2460 731 2543 speciem
754 2460 921 2528 dinoscere
944 2441 1052 2542 ealles,

219 2594 284 2675 ,Ne
308 2615 374 2679 qua
395 2593 568 2662 subaerato
591 2598 780 2664 mendosum
802 2600 923 2665 tinniat
944 2601 1050 2666 auro?

218 2732 392 2817 „Quaeque
416 2734 581 2819 sequenda
604 2735 728 2818 forent,
753 2759 901 2822 quaeque
924 2737 1075 2802 evitanda
1097 2736 1249 2816 vicissim,

125 2859 127 2866 ’
218 2872 298 2954 „Illa
319 2874 410 2957 prius
426 2879 533 2956 creta,
559 2897 635 2941 mox
657 2875 739 2941 haee
762 2876 901 2942 carbone
924 2873 1066 2941 notasti?

220 3009 281 3091 „Es
302 3011 448 3078 modicus
470 3015 560 3079 voti?
583 3036 695 3099 presso
718 3015 811 3080 lare?
834 3015 937 3081 duleis
960 3014 1095 3081 amieis?

119 3152 190 3214 110.
225 3149 311 3230 „Iam
333 3172 419 3216 nunc
441 3153 612 3237 astringas,
636 3156 700 3218 iam
725 3175 811 3219 nune
834 3154 987 3237 granaria
1009 3152 1120 3218 laxes?

220 3288 339 3372 ,Inque
360 3290 430 3358 luto
452 3290 553 3357 fixum
575 3292 681 3376 possis
703 3291 935 3357 transcendere
957 3311 1133 3370 nummum,

219 3428 304 3509 ,Nee
324 3430 431 3513 glutto
454 3428 585 3497 sorbere
609 3430 744 3498 schram
767 3428 1016 3520 Mercurialem?

496 3622 525 3630 -ο

184 3760 205 3825 ¹)
224 3759 349 3824 Senes,
368 3774 409 3829 ep.
428 3759 468 3814 89.

178 3852 558 3923 bfflstmvmm

182 3949 204 4016 ³]
224 3949 390 4019 Sapientiam
412 3965 472 4005 esse
495 3951 621 4006 virtutem
645 3965 736 4006 omnes
761 3950 880 4020 quidem,
908 3951 954 4021 qui
977 3950 1109 4006 ratirnem
1133 3949 1249 4005 Stoicam

109 4048 306 4111 rocaverunt,
331 4045 539 4113 contenderunt,
564 4046 612 4101 sed
636 4045 776 4100 dilucidior
800 4046 888 4100 abiis
912 4046 979 4122 haec
1003 4060 1047 4099 res
1070 4045 1163 4099 habita
1188 4059 1248 4098 esse

110 4138 176 4192 mihi
193 4138 312 4206 videtur,
340 4156 419 4210 quam
438 4155 506 4210 quae
523 4140 751 4196 demonstraretur
769 4147 1008 4211 exponereturque.
1027 4139 1067 4193 cf.
1086 4140 1203 4195 Ritter
1221 4147 1249 4193 et

110 4233 249 4288 Preller.
267 4234 329 4288 hist.
347 4236 444 4304 philos.
463 4236 556 4290 Graec.
574 4241 602 4290 et
619 4236 694 4291 Rom.
713 4234 760 4289 Nr.
779 4238 830 4290 395
848 4251 909 4303 pag.
928 4236 986 4288 361.
