<?xml version="1.0" encoding="UTF-8"?>
<!DOCTYPE html PUBLIC "-//W3C//DTD XHTML 1.0 Transitional//EN"
    "http://www.w3.org/TR/xhtml1/DTD/xhtml1-transitional.dtd">
<html xmlns="http://www.w3.org/1999/xhtml" xml:lang="en" lang="en">
 <head>
  <title>
</title>
<meta http-equiv="Content-Type" content="text/html;charset=utf-8" />
  <meta name='ocr-system' content='tesseract 3.04.00' />
  <meta name='ocr-capabilities' content='ocr_page ocr_carea ocr_par ocr_line ocrx_word'/>
</head>
<body>
  <div class='ocr_page' id='page_1' title='image "./derationestoica00knicgoog_0041.png"; bbox 0 0 2834 4609; ppageno 0'>
   <div class='ocr_carea' id='block_1_1' title="bbox 639 263 680 323">
    <p class='ocr_par' dir='ltr' id='par_1_1' title="bbox 639 263 680 323">
     <span class='ocr_line' id='line_1_1' title="bbox 639 263 680 323; baseline 0.024 -1"><span class='ocrx_word' id='word_1_1' title='bbox 639 263 680 323; x_wconf 85' lang='lat'>33</span> 
     </span>
    </p>
   </div>
   <div class='ocr_carea' id='block_1_2' title="bbox 558 352 764 363">
    <p class='ocr_par' dir='ltr' id='par_1_2' title="bbox 558 352 764 363">
     <span class='ocr_line' id='line_1_2' title="bbox 558 352 764 363; baseline 0.005 -1"><span class='ocrx_word' id='word_1_2' title='bbox 558 352 764 363; x_wconf 54' lang='grc' dir='ltr'>-η--η-</span> 
     </span>
    </p>
   </div>
   <div class='ocr_carea' id='block_1_3' title="bbox 80 478 1257 620">
    <p class='ocr_par' dir='ltr' id='par_1_3' title="bbox 80 478 1257 620">
     <span class='ocr_line' id='line_1_3' title="bbox 80 478 1257 620; baseline 0.005 -48"><span class='ocrx_word' id='word_1_3' title='bbox 80 597 92 620; x_wconf 42' lang='lat' dir='ltr'><em>l</em></span> <span class='ocrx_word' id='word_1_4' title='bbox 173 478 175 481; x_wconf 64' lang='lat'>‚</span> <span class='ocrx_word' id='word_1_5' title='bbox 205 506 340 586; x_wconf 88' lang='lat' dir='ltr'>„Totam</span> <span class='ocrx_word' id='word_1_6' title='bbox 354 497 592 591; x_wconf 83' lang='lat' dir='ltr'>philosophiam</span> <span class='ocrx_word' id='word_1_7' title='bbox 607 509 641 572; x_wconf 93' lang='lat' dir='ltr'>in</span> <span class='ocrx_word' id='word_1_8' title='bbox 656 515 724 574; x_wconf 89' lang='lat' dir='ltr'>tres</span> <span class='ocrx_word' id='word_1_9' title='bbox 747 513 859 594; x_wconf 88' lang='lat' dir='ltr'>partos</span> <span class='ocrx_word' id='word_1_10' title='bbox 876 510 1054 575; x_wconf 79' lang='lat' dir='ltr'>diviserunt</span> <span class='ocrx_word' id='word_1_11' title='bbox 1069 512 1229 596; x_wconf 81' lang='lat' dir='ltr'>(Platonis</span> <span class='ocrx_word' id='word_1_12' title='bbox 1255 492 1257 496; x_wconf 31' lang='lat'>¹</span> 
     </span>
    </p>
   </div>
   <div class='ocr_carea' id='block_1_4' title="bbox 15 644 1302 3912">
    <p class='ocr_par' dir='ltr' id='par_1_4' title="bbox 68 644 1229 867">
     <span class='ocr_line' id='line_1_4' title="bbox 204 644 1229 730; baseline 0.007 -22"><span class='ocrx_word' id='word_1_13' title='bbox 204 644 412 730; x_wconf 84' lang='lat' dir='ltr'>,auditores),</span> <span class='ocrx_word' id='word_1_14' title='bbox 436 666 533 729; x_wconf 90' lang='lat' dir='ltr'>quam</span> <span class='ocrx_word' id='word_1_15' title='bbox 555 646 766 728; x_wconf 80' lang='lat' dir='ltr'>partitionem</span> <span class='ocrx_word' id='word_1_16' title='bbox 789 647 952 712; x_wconf 89' lang='lat' dir='ltr'>aZencne</span> <span class='ocrx_word' id='word_1_17' title='bbox 975 669 1044 713; x_wconf 86' lang='lat' dir='ltr'>esse</span> <span class='ocrx_word' id='word_1_18' title='bbox 1065 655 1229 715; x_wconf 83' lang='lat' dir='ltr'><strong>retentam</strong></span> 
     </span>
     <span class='ocr_line' id='line_1_5' title="bbox 68 780 424 867; baseline 0.006 -21"><span class='ocrx_word' id='word_1_19' title='bbox 68 823 72 830; x_wconf 88' lang='lat'><em>-</em></span> <span class='ocrx_word' id='word_1_20' title='bbox 205 780 424 867; x_wconf 77' lang='lat' dir='ltr'>,vidimu1.¹)“</span> 
     </span>
    </p>

    <p class='ocr_par' dir='ltr' id='par_1_5' title="bbox 15 919 1302 3218">
     <span class='ocr_line' id='line_1_6' title="bbox 179 919 1229 1006; baseline 0.007 -21"><span class='ocrx_word' id='word_1_21' title='bbox 179 919 326 986; x_wconf 82' lang='lat' dir='ltr'>Persium</span> <span class='ocrx_word' id='word_1_22' title='bbox 347 919 430 985; x_wconf 91' lang='lat' dir='ltr'>hanc</span> <span class='ocrx_word' id='word_1_23' title='bbox 454 920 636 987; x_wconf 82' lang='lat' dir='ltr'>Stoicorum</span> <span class='ocrx_word' id='word_1_24' title='bbox 666 927 812 988; x_wconf 78' lang='lat' dir='ltr'>veterum</span> <span class='ocrx_word' id='word_1_25' title='bbox 839 923 1050 1006; x_wconf 81' lang='lat' dir='ltr'>partitionem</span> <span class='ocrx_word' id='word_1_26' title='bbox 1077 932 1229 992; x_wconf 84' lang='lat' dir='ltr'>accurate</span> 
     </span>
     <span class='ocr_line' id='line_1_7' title="bbox 93 1059 1229 1145; baseline 0.005 -22"><span class='ocrx_word' id='word_1_27' title='bbox 93 1062 243 1123; x_wconf 88' lang='lat' dir='ltr'>secutum</span> <span class='ocrx_word' id='word_1_28' title='bbox 265 1079 334 1123; x_wconf 86' lang='lat' dir='ltr'>esse</span> <span class='ocrx_word' id='word_1_29' title='bbox 357 1079 397 1123; x_wconf 85' lang='lat' dir='ltr'>ex</span> <span class='ocrx_word' id='word_1_30' title='bbox 412 1060 523 1125; x_wconf 86' lang='lat' dir='ltr'>satiris</span> <span class='ocrx_word' id='word_1_31' title='bbox 539 1059 730 1126; x_wconf 79' lang='lat' dir='ltr'>concludere</span> <span class='ocrx_word' id='word_1_32' title='bbox 745 1082 810 1126; x_wconf 91' lang='lat' dir='ltr'>non</span> <span class='ocrx_word' id='word_1_33' title='bbox 824 1081 1011 1145; x_wconf 83' lang='lat' dir='ltr'>possumus3</span> <span class='ocrx_word' id='word_1_34' title='bbox 1034 1063 1132 1129; x_wconf 91' lang='lat' dir='ltr'>immo</span> <span class='ocrx_word' id='word_1_35' title='bbox 1153 1085 1229 1130; x_wconf 83' lang='lat' dir='ltr'>vero</span> 
     </span>
     <span class='ocr_line' id='line_1_8' title="bbox 93 1196 1229 1285; baseline 0.004 -24"><span class='ocrx_word' id='word_1_36' title='bbox 93 1217 206 1262; x_wconf 86' lang='lat' dir='ltr'>versus</span> <span class='ocrx_word' id='word_1_37' title='bbox 224 1196 284 1279; x_wconf 90' lang='lat' dir='ltr'>III,</span> <span class='ocrx_word' id='word_1_38' title='bbox 308 1201 348 1261; x_wconf 88' lang='grc'>66</span> <span class='ocrx_word' id='word_1_39' title='bbox 366 1218 446 1285; x_wconf 78' lang='lat' dir='ltr'>sqq,</span> <span class='ocrx_word' id='word_1_40' title='bbox 470 1197 587 1282; x_wconf 91' lang='lat' dir='ltr'>quibus</span> <span class='ocrx_word' id='word_1_41' title='bbox 602 1203 708 1264; x_wconf 86' lang='lat' dir='ltr'>totam</span> <span class='ocrx_word' id='word_1_42' title='bbox 725 1198 964 1282; x_wconf 84' lang='lat' dir='ltr'>philosophiam</span> <span class='ocrx_word' id='word_1_43' title='bbox 983 1200 1229 1284; x_wconf 81' lang='lat' dir='ltr'>circumscribit,</span> 
     </span>
     <span class='ocr_line' id='line_1_9' title="bbox 93 1309 1231 1434; baseline 0.004 -36"><span class='ocrx_word' id='word_1_44' title='bbox 93 1333 266 1399; x_wconf 82' lang='lat' dir='ltr'>aberrasse</span> <span class='ocrx_word' id='word_1_45' title='bbox 298 1339 431 1419; x_wconf 88' lang='lat' dir='ltr'>poetam</span> <span class='ocrx_word' id='word_1_46' title='bbox 466 1335 583 1403; x_wconf 90' lang='lat' dir='ltr'>docent</span> <span class='ocrx_word' id='word_1_47' title='bbox 612 1309 751 1424; x_wconf 85' lang='lat' dir='ltr'>illosque</span> <span class='ocrx_word' id='word_1_48' title='bbox 781 1341 930 1403; x_wconf 88' lang='lat' dir='ltr'>secutum</span> <span class='ocrx_word' id='word_1_49' title='bbox 959 1358 1051 1434; x_wconf 77' lang='lat' dir='ltr'>esse,</span> <span class='ocrx_word' id='word_1_50' title='bbox 1074 1339 1129 1425; x_wconf 90' lang='lat' dir='ltr'>qui</span> <span class='ocrx_word' id='word_1_51' title='bbox 1155 1338 1231 1404; x_wconf 81' lang='lat' dir='ltr'>novi</span> 
     </span>
     <span class='ocr_line' id='line_1_10' title="bbox 94 1472 1232 1559; baseline 0.004 -22"><span class='ocrx_word' id='word_1_52' title='bbox 94 1472 220 1559; x_wconf 90' lang='lat' dir='ltr'>aliquid</span> <span class='ocrx_word' id='word_1_53' title='bbox 243 1473 413 1540; x_wconf 78' lang='lat' dir='ltr'>intulerint</span> <span class='ocrx_word' id='word_1_54' title='bbox 428 1479 510 1540; x_wconf 69' lang='lat' dir='ltr'>cum</span> <span class='ocrx_word' id='word_1_55' title='bbox 538 1476 572 1539; x_wconf 89' lang='lat' dir='ltr'>in</span> <span class='ocrx_word' id='word_1_56' title='bbox 604 1474 747 1541; x_wconf 84' lang='lat' dir='ltr'>Stoicam</span> <span class='ocrx_word' id='word_1_57' title='bbox 775 1476 971 1558; x_wconf 84' lang='lat' dir='ltr'>doctrinam,</span> <span class='ocrx_word' id='word_1_58' title='bbox 1001 1483 1071 1541; x_wconf 90' lang='lat' dir='ltr'>turn</span> <span class='ocrx_word' id='word_1_59' title='bbox 1099 1478 1133 1540; x_wconf 90' lang='lat' dir='ltr'>in</span> <span class='ocrx_word' id='word_1_60' title='bbox 1161 1478 1232 1541; x_wconf 89' lang='lat' dir='ltr'>uni-</span> 
     </span>
     <span class='ocr_line' id='line_1_11' title="bbox 96 1610 1233 1702; baseline 0.004 -27"><span class='ocrx_word' id='word_1_61' title='bbox 96 1631 224 1677; x_wconf 82' lang='lat' dir='ltr'>versam</span> <span class='ocrx_word' id='word_1_62' title='bbox 251 1610 502 1695; x_wconf 88' lang='lat' dir='ltr'>philosophandi</span> <span class='ocrx_word' id='word_1_63' title='bbox 534 1612 705 1678; x_wconf 87' lang='lat' dir='ltr'>rationem.</span> <span class='ocrx_word' id='word_1_64' title='bbox 765 1613 855 1679; x_wconf 88' lang='lat' dir='ltr'>Inter</span> <span class='ocrx_word' id='word_1_65' title='bbox 884 1636 965 1702; x_wconf 87' lang='lat' dir='ltr'>quos</span> <span class='ocrx_word' id='word_1_66' title='bbox 994 1615 1169 1680; x_wconf 84' lang='lat' dir='ltr'>Panaetius</span> <span class='ocrx_word' id='word_1_67' title='bbox 1199 1621 1233 1679; x_wconf 89' lang='lat' dir='ltr'>et</span> 
     </span>
     <span class='ocr_line' id='line_1_12' title="bbox 98 1749 1232 1838; baseline 0.002 -23"><span class='ocrx_word' id='word_1_68' title='bbox 98 1749 301 1832; x_wconf 84' lang='lat' dir='ltr'>Posidonius,</span> <span class='ocrx_word' id='word_1_69' title='bbox 325 1751 381 1838; x_wconf 91' lang='lat' dir='ltr'>qui</span> <span class='ocrx_word' id='word_1_70' title='bbox 396 1750 552 1816; x_wconf 86' lang='lat' dir='ltr'>Romanis</span> <span class='ocrx_word' id='word_1_71' title='bbox 566 1749 773 1826; x_wconf 84' lang='lat' dir='ltr'>tradiderant</span> <span class='ocrx_word' id='word_1_72' title='bbox 789 1752 970 1818; x_wconf 88' lang='lat' dir='ltr'>Stoicorum</span> <span class='ocrx_word' id='word_1_73' title='bbox 984 1752 1232 1838; x_wconf 88' lang='lat' dir='ltr'>philosophiam,</span> 
     </span>
     <span class='ocr_line' id='line_1_13' title="bbox 98 1855 1232 1978; baseline 0.004 -26"><span class='ocrx_word' id='word_1_74' title='bbox 98 1886 141 1952; x_wconf 92' lang='lat' dir='ltr'>ad</span> <span class='ocrx_word' id='word_1_75' title='bbox 161 1857 353 1954; x_wconf 80' lang='lat' dir='ltr'>mutandam</span> <span class='ocrx_word' id='word_1_76' title='bbox 375 1888 535 1953; x_wconf 89' lang='lat' dir='ltr'>rationem</span> <span class='ocrx_word' id='word_1_77' title='bbox 557 1892 703 1953; x_wconf 83' lang='lat' dir='ltr'>veterum</span> <span class='ocrx_word' id='word_1_78' title='bbox 727 1888 966 1956; x_wconf 86' lang='lat' dir='ltr'>Socraticorum</span> <span class='ocrx_word' id='word_1_79' title='bbox 996 1855 1100 1978; x_wconf 86' lang='lat' dir='ltr'>quodl</span> <span class='ocrx_word' id='word_1_80' title='bbox 1113 1891 1232 1957; x_wconf 89' lang='lat' dir='ltr'>attinet</span> 
     </span>
     <span class='ocr_line' id='line_1_14' title="bbox 98 2023 1233 2113; baseline 0.004 -24"><span class='ocrx_word' id='word_1_81' title='bbox 98 2030 132 2090; x_wconf 87' lang='lat' dir='ltr'>et</span> <span class='ocrx_word' id='word_1_82' title='bbox 153 2025 197 2091; x_wconf 90' lang='lat' dir='ltr'>ad</span> <span class='ocrx_word' id='word_1_83' title='bbox 219 2026 358 2093; x_wconf 86' lang='lat' dir='ltr'>formam</span> <span class='ocrx_word' id='word_1_84' title='bbox 380 2031 413 2093; x_wconf 88' lang='lat' dir='ltr'>et</span> <span class='ocrx_word' id='word_1_85' title='bbox 435 2023 478 2091; x_wconf 87' lang='lat' dir='ltr'>ad</span> <span class='ocrx_word' id='word_1_86' title='bbox 499 2046 552 2091; x_wconf 89' lang='lat' dir='ltr'>res</span> <span class='ocrx_word' id='word_1_87' title='bbox 573 2027 671 2110; x_wconf 84' lang='lat' dir='ltr'>ipsas,</span> <span class='ocrx_word' id='word_1_88' title='bbox 695 2047 780 2113; x_wconf 90' lang='lat' dir='ltr'>quae</span> <span class='ocrx_word' id='word_1_89' title='bbox 795 2027 985 2094; x_wconf 90' lang='lat' dir='ltr'>tribuuntur</span> <span class='ocrx_word' id='word_1_90' title='bbox 999 2028 1233 2113; x_wconf 87' lang='lat' dir='ltr'>philosophiae,</span> 
     </span>
     <span class='ocr_line' id='line_1_15' title="bbox 15 2162 1234 2252; baseline 0.001 -24"><span class='ocrx_word' id='word_1_91' title='bbox 15 2209 20 2218; x_wconf 79' lang='lat'><strong>·</strong></span> <span class='ocrx_word' id='word_1_92' title='bbox 97 2164 236 2232; x_wconf 88' lang='lat' dir='ltr'>multum</span> <span class='ocrx_word' id='word_1_93' title='bbox 273 2162 497 2246; x_wconf 83' lang='lat' dir='ltr'>cohtulerunt3</span> <span class='ocrx_word' id='word_1_94' title='bbox 535 2164 578 2230; x_wconf 88' lang='lat' dir='ltr'>ad</span> <span class='ocrx_word' id='word_1_95' title='bbox 612 2185 711 2252; x_wconf 88' lang='lat' dir='ltr'>quarn</span> <span class='ocrx_word' id='word_1_96' title='bbox 746 2166 962 2231; x_wconf 89' lang='lat' dir='ltr'>mutationem</span> <span class='ocrx_word' id='word_1_97' title='bbox 996 2166 1155 2250; x_wconf 87' lang='lat' dir='ltr'>imprimis</span> <span class='ocrx_word' id='word_1_98' title='bbox 1196 2184 1234 2229; x_wconf 91' lang='lat' dir='ltr'>eo</span> 
     </span>
     <span class='ocr_line' id='line_1_16' title="bbox 97 2302 1234 2391; baseline -0.001 -23"><span class='ocrx_word' id='word_1_99' title='bbox 97 2302 232 2369; x_wconf 89' lang='lat' dir='ltr'>adducti</span> <span class='ocrx_word' id='word_1_100' title='bbox 270 2310 363 2386; x_wconf 89' lang='lat' dir='ltr'>sunt,</span> <span class='ocrx_word' id='word_1_101' title='bbox 402 2303 490 2391; x_wconf 91' lang='lat' dir='ltr'>quod</span> <span class='ocrx_word' id='word_1_102' title='bbox 528 2308 654 2369; x_wconf 83' lang='lat' dir='ltr'>veteres</span> <span class='ocrx_word' id='word_1_103' title='bbox 690 2303 791 2369; x_wconf 83' lang='lat' dir='ltr'>Stoici</span> <span class='ocrx_word' id='word_1_104' title='bbox 824 2304 864 2368; x_wconf 88' lang='lat' dir='ltr'>de</span> <span class='ocrx_word' id='word_1_105' title='bbox 897 2304 1017 2369; x_wconf 85' lang='lat' dir='ltr'>virtute</span> <span class='ocrx_word' id='word_1_106' title='bbox 1048 2325 1114 2369; x_wconf 92' lang='lat' dir='ltr'>non</span> <span class='ocrx_word' id='word_1_107' title='bbox 1154 2304 1234 2370; x_wconf 90' lang='lat' dir='ltr'>satis</span> 
     </span>
     <span class='ocr_line' id='line_1_17' title="bbox 98 2440 1302 2530; baseline 0 -24"><span class='ocrx_word' id='word_1_108' title='bbox 98 2440 252 2507; x_wconf 88' lang='lat' dir='ltr'>distincte</span> <span class='ocrx_word' id='word_1_109' title='bbox 274 2443 510 2524; x_wconf 84' lang='lat' dir='ltr'>disseruerunt,</span> <span class='ocrx_word' id='word_1_110' title='bbox 542 2444 662 2529; x_wconf 88' lang='lat' dir='ltr'>quippe</span> <span class='ocrx_word' id='word_1_111' title='bbox 683 2443 740 2530; x_wconf 91' lang='lat' dir='ltr'>qui</span> <span class='ocrx_word' id='word_1_112' title='bbox 762 2463 827 2508; x_wconf 94' lang='lat' dir='ltr'>non</span> <span class='ocrx_word' id='word_1_113' title='bbox 849 2441 953 2515; x_wconf 90' lang='lat' dir='ltr'>solum</span> <span class='ocrx_word' id='word_1_114' title='bbox 975 2463 1047 2507; x_wconf 91' lang='lat' dir='ltr'>eam</span> <span class='ocrx_word' id='word_1_115' title='bbox 1068 2444 1234 2521; x_wconf 79' lang='lat' dir='ltr'>virtutem,</span> <span class='ocrx_word' id='word_1_116' title='bbox 1300 2518 1302 2520; x_wconf 25' lang='grc'><strong>,</strong></span> 
     </span>
     <span class='ocr_line' id='line_1_18' title="bbox 98 2579 1235 2670; baseline 0.002 -25"><span class='ocrx_word' id='word_1_117' title='bbox 98 2600 198 2668; x_wconf 86' lang='lat' dir='ltr'>quarn</span> <span class='ocrx_word' id='word_1_118' title='bbox 231 2579 414 2665; x_wconf 80' lang='lat' dir='ltr'>physicam,</span> <span class='ocrx_word' id='word_1_119' title='bbox 453 2580 593 2664; x_wconf 79' lang='lat' dir='ltr'>logicam</span> <span class='ocrx_word' id='word_1_120' title='bbox 626 2587 725 2670; x_wconf 90' lang='lat' dir='ltr'>atque</span> <span class='ocrx_word' id='word_1_121' title='bbox 757 2581 897 2648; x_wconf 89' lang='lat' dir='ltr'>ethicam</span> <span class='ocrx_word' id='word_1_122' title='bbox 931 2580 1102 2670; x_wconf 72' lang='lat' dir='ltr'>complepti</span> <span class='ocrx_word' id='word_1_123' title='bbox 1135 2601 1235 2665; x_wconf 87' lang='lat' dir='ltr'>supra</span> 
     </span>
     <span class='ocr_line' id='line_1_19' title="bbox 100 2718 1235 2803; baseline -0.002 -18"><span class='ocrx_word' id='word_1_124' title='bbox 100 2718 251 2800; x_wconf 87' lang='lat' dir='ltr'>vidimus,</span> <span class='ocrx_word' id='word_1_125' title='bbox 267 2719 325 2785; x_wconf 87' lang='lat' dir='ltr'>sed</span> <span class='ocrx_word' id='word_1_126' title='bbox 339 2720 439 2785; x_wconf 86' lang='lat' dir='ltr'>etiarn</span> <span class='ocrx_word' id='word_1_127' title='bbox 453 2740 535 2801; x_wconf 89' lang='lat' dir='ltr'>eam,</span> <span class='ocrx_word' id='word_1_128' title='bbox 560 2741 644 2803; x_wconf 87' lang='lat' dir='ltr'>quae</span> <span class='ocrx_word' id='word_1_129' title='bbox 660 2720 747 2786; x_wconf 91' lang='lat' dir='ltr'>solos</span> <span class='ocrx_word' id='word_1_130' title='bbox 761 2740 867 2786; x_wconf 90' lang='lat' dir='ltr'>mores</span> <span class='ocrx_word' id='word_1_131' title='bbox 881 2720 1046 2803; x_wconf 83' lang='lat' dir='ltr'>vitamque</span> <span class='ocrx_word' id='word_1_132' title='bbox 1062 2722 1235 2803; x_wconf 88' lang='lat' dir='ltr'>spectaret,</span> 
     </span>
     <span class='ocr_line' id='line_1_20' title="bbox 98 2855 1236 2942; baseline -0.003 -20"><span class='ocrx_word' id='word_1_133' title='bbox 98 2857 231 2923; x_wconf 78' lang='lat' dir='ltr'>uirtutis</span> <span class='ocrx_word' id='word_1_134' title='bbox 252 2877 330 2923; x_wconf 87' lang='lat' dir='ltr'>voce</span> <span class='ocrx_word' id='word_1_135' title='bbox 351 2858 566 2942; x_wconf 88' lang='lat' dir='ltr'>appellarent.</span> <span class='ocrx_word' id='word_1_136' title='bbox 589 2856 831 2942; x_wconf 89' lang='lat' dir='ltr'>Philosophiam</span> <span class='ocrx_word' id='word_1_137' title='bbox 851 2857 953 2941; x_wconf 82' lang='lat' dir='ltr'>igitur</span> <span class='ocrx_word' id='word_1_138' title='bbox 976 2861 1009 2921; x_wconf 91' lang='lat' dir='ltr'>et</span> <span class='ocrx_word' id='word_1_139' title='bbox 1031 2855 1074 2930; x_wconf 92' lang='lat' dir='ltr'>ad</span> <span class='ocrx_word' id='word_1_140' title='bbox 1088 2855 1179 2922; x_wconf 87' lang='lat' dir='ltr'>illam</span> <span class='ocrx_word' id='word_1_141' title='bbox 1202 2862 1236 2920; x_wconf 90' lang='lat' dir='ltr'>et</span> 
     </span>
     <span class='ocr_line' id='line_1_21' title="bbox 100 2992 1235 3078; baseline -0.001 -20"><span class='ocrx_word' id='word_1_142' title='bbox 100 2994 144 3058; x_wconf 88' lang='lat' dir='ltr'>ad</span> <span class='ocrx_word' id='word_1_143' title='bbox 156 2993 241 3060; x_wconf 87' lang='lat' dir='ltr'>hanc</span> <span class='ocrx_word' id='word_1_144' title='bbox 255 2994 409 3061; x_wconf 70' lang='lat' dir='ltr'>drtutem</span> <span class='ocrx_word' id='word_1_145' title='bbox 423 2995 556 3062; x_wconf 86' lang='lat' dir='ltr'>tendere</span> <span class='ocrx_word' id='word_1_146' title='bbox 574 2995 755 3077; x_wconf 80' lang='lat' dir='ltr'>voluerunt,</span> <span class='ocrx_word' id='word_1_147' title='bbox 771 2994 934 3078; x_wconf 89' lang='lat' dir='ltr'>nequead</span> <span class='ocrx_word' id='word_1_148' title='bbox 949 2993 1105 3060; x_wconf 87' lang='lat' dir='ltr'>moralem</span> <span class='ocrx_word' id='word_1_149' title='bbox 1120 2992 1235 3075; x_wconf 85' lang='lat' dir='ltr'>solam,</span> 
     </span>
     <span class='ocr_line' id='line_1_22' title="bbox 102 3131 938 3218; baseline 0.001 -22"><span class='ocrx_word' id='word_1_150' title='bbox 102 3151 200 3215; x_wconf 88' lang='lat' dir='ltr'>quam</span> <span class='ocrx_word' id='word_1_151' title='bbox 221 3135 320 3200; x_wconf 90' lang='lat' dir='ltr'>etiam</span> <span class='ocrx_word' id='word_1_152' title='bbox 341 3155 401 3200; x_wconf 91' lang='lat' dir='ltr'>nos</span> <span class='ocrx_word' id='word_1_153' title='bbox 424 3135 577 3199; x_wconf 83' lang='lat' dir='ltr'>uirtutem</span> <span class='ocrx_word' id='word_1_154' title='bbox 599 3131 938 3218; x_wconf 84' lang='lat' dir='ltr'>appellaresolemus.</span> 
     </span>
    </p>

    <p class='ocr_par' dir='ltr' id='par_1_6' title="bbox 99 3267 1272 3632">
     <span class='ocr_line' id='line_1_23' title="bbox 189 3267 1272 3355; baseline 0.001 -19"><span class='ocrx_word' id='word_1_155' title='bbox 189 3270 282 3337; x_wconf 87' lang='lat' dir='ltr'>Hanc</span> <span class='ocrx_word' id='word_1_156' title='bbox 304 3273 460 3337; x_wconf 80' lang='lat' dir='ltr'>virtutem</span> <span class='ocrx_word' id='word_1_157' title='bbox 481 3269 569 3355; x_wconf 90' lang='lat' dir='ltr'>apud</span> <span class='ocrx_word' id='word_1_158' title='bbox 591 3290 646 3335; x_wconf 89' lang='lat' dir='ltr'>eos</span> <span class='ocrx_word' id='word_1_159' title='bbox 662 3270 827 3353; x_wconf 82' lang='lat' dir='ltr'>segregari</span> <span class='ocrx_word' id='word_1_160' title='bbox 841 3289 907 3333; x_wconf 90' lang='lat' dir='ltr'>non</span> <span class='ocrx_word' id='word_1_161' title='bbox 921 3268 1066 3352; x_wconf 87' lang='lat' dir='ltr'>potuisse</span> <span class='ocrx_word' id='word_1_162' title='bbox 1082 3288 1103 3333; x_wconf 91' lang='lat' dir='ltr'>a</span> <span class='ocrx_word' id='word_1_163' title='bbox 1117 3267 1237 3333; x_wconf 68' lang='lat' dir='ltr'>viante</span> <span class='ocrx_word' id='word_1_164' title='bbox 1269 3335 1272 3338; x_wconf 87' lang='grc'><strong>,</strong></span> 
     </span>
     <span class='ocr_line' id='line_1_24' title="bbox 99 3405 1238 3492; baseline -0.004 -18"><span class='ocrx_word' id='word_1_165' title='bbox 99 3407 160 3474; x_wconf 87' lang='lat' dir='ltr'>illa</span> <span class='ocrx_word' id='word_1_166' title='bbox 181 3409 338 3492; x_wconf 82' lang='lat' dir='ltr'>generali,</span> <span class='ocrx_word' id='word_1_167' title='bbox 368 3413 407 3474; x_wconf 88' lang='lat' dir='ltr'>ut</span> <span class='ocrx_word' id='word_1_168' title='bbox 435 3410 485 3474; x_wconf 83' lang='lat' dir='ltr'>ita</span> <span class='ocrx_word' id='word_1_169' title='bbox 515 3409 638 3488; x_wconf 84' lang='lat' dir='ltr'>dicam,</span> <span class='ocrx_word' id='word_1_170' title='bbox 669 3427 710 3473; x_wconf 83' lang='lat' dir='ltr'>ex</span> <span class='ocrx_word' id='word_1_171' title='bbox 738 3405 934 3490; x_wconf 83' lang='lat' dir='ltr'>imaginibus</span> <span class='ocrx_word' id='word_1_172' title='bbox 964 3424 1095 3490; x_wconf 88' lang='lat' dir='ltr'>quoque</span> <span class='ocrx_word' id='word_1_173' title='bbox 1122 3405 1238 3487; x_wconf 90' lang='lat' dir='ltr'>elucet,</span> 
     </span>
     <span class='ocr_line' id='line_1_25' title="bbox 101 3540 1236 3632; baseline -0.002 -19"><span class='ocrx_word' id='word_1_174' title='bbox 101 3543 220 3631; x_wconf 88' lang='lat' dir='ltr'>quibus</span> <span class='ocrx_word' id='word_1_175' title='bbox 228 3546 521 3632; x_wconf 82' lang='lat' dir='ltr'>adexprimendum</span> <span class='ocrx_word' id='word_1_176' title='bbox 532 3566 651 3611; x_wconf 84' lang='lat' dir='ltr'>nexum</span> <span class='ocrx_word' id='word_1_177' title='bbox 662 3543 886 3630; x_wconf 85' lang='lat' dir='ltr'>philosophiae</span> <span class='ocrx_word' id='word_1_178' title='bbox 897 3543 1042 3628; x_wconf 88' lang='lat' dir='ltr'>partium</span> <span class='ocrx_word' id='word_1_179' title='bbox 1052 3540 1236 3611; x_wconf 84' lang='lat' dir='ltr'>utebantur.</span> 
     </span>
    </p>

    <p class='ocr_par' dir='ltr' id='par_1_7' title="bbox 214 3676 1239 3912">
     <span class='ocr_line' id='line_1_26' title="bbox 214 3676 1239 3771; baseline -0.002 -22"><span class='ocrx_word' id='word_1_180' title='bbox 214 3678 406 3765; x_wconf 59' lang='lat' dir='ltr'>,Eludlocct</span> <span class='ocrx_word' id='word_1_181' title='bbox 435 3682 472 3751; x_wconf 80' lang='grc' dir='ltr'>δὲ</span> <span class='ocrx_word' id='word_1_182' title='bbox 508 3677 581 3769; x_wconf 82' lang='grc' dir='ltr'>ζώῳ</span> <span class='ocrx_word' id='word_1_183' title='bbox 614 3682 672 3770; x_wconf 76' lang='grc' dir='ltr'>τήν</span> <span class='ocrx_word' id='word_1_184' title='bbox 708 3681 913 3771; x_wconf 76' lang='grc' dir='ltr'><strong><em>φιλοσοφίαν,</em></strong></span> <span class='ocrx_word' id='word_1_185' title='bbox 950 3676 1060 3757; x_wconf 79' lang='grc' dir='ltr'><strong><em>ὀστοῖς</em></strong></span> <span class='ocrx_word' id='word_1_186' title='bbox 1092 3680 1152 3763; x_wconf 79' lang='grc' dir='ltr'>μὲν</span> <span class='ocrx_word' id='word_1_187' title='bbox 1184 3681 1239 3747; x_wconf 79' lang='grc' dir='ltr'>καὶ</span> 
     </span>
     <span class='ocr_line' id='line_1_27' title="bbox 215 3795 1238 3912; baseline -0.002 -25"><span class='ocrx_word' id='word_1_188' title='bbox 215 3819 357 3912; x_wconf 53' lang='grc' dir='ltr'><strong><em>»νεύροις</em></strong></span> <span class='ocrx_word' id='word_1_189' title='bbox 390 3822 429 3888; x_wconf 78' lang='lat' dir='ltr'>cd</span> <span class='ocrx_word' id='word_1_190' title='bbox 462 3821 585 3906; x_wconf 77' lang='grc' dir='ltr'><strong><em>λογικὸν</em></strong></span> <span class='ocrx_word' id='word_1_191' title='bbox 618 3795 907 3911; x_wconf 71' lang='grc' dir='ltr'><strong><em>προσομοιοῦντες,</em></strong></span> <span class='ocrx_word' id='word_1_192' title='bbox 943 3824 1013 3896; x_wconf 83' lang='grc' dir='ltr'><strong><em>τοῖς</em></strong></span> <span class='ocrx_word' id='word_1_193' title='bbox 1047 3818 1084 3885; x_wconf 82' lang='grc' dir='ltr'>δὲ</span> <span class='ocrx_word' id='word_1_194' title='bbox 1118 3840 1238 3908; x_wconf 64' lang='lat' dir='ltr'>capace</span> 
     </span>
    </p>
   </div>
   <div class='ocr_carea' id='block_1_5' title="bbox 215 3951 1241 4050">
    <p class='ocr_par' dir='ltr' id='par_1_8' title="bbox 215 3951 1241 4050">
     <span class='ocr_line' id='line_1_28' title="bbox 215 3951 1241 4050; baseline -0.007 -23"><span class='ocrx_word' id='word_1_195' title='bbox 215 3960 396 4050; x_wconf 63' lang='grc' dir='ltr'>ῃδιεστέροις</span> <span class='ocrx_word' id='word_1_196' title='bbox 416 3960 454 4024; x_wconf 79' lang='lat' dir='ltr'>cd</span> <span class='ocrx_word' id='word_1_197' title='bbox 476 3952 603 4047; x_wconf 71' lang='grc' dir='ltr'><strong><em>ἠθικόν,</em></strong></span> <span class='ocrx_word' id='word_1_198' title='bbox 626 3963 666 4046; x_wconf 83' lang='grc' dir='ltr'>τῇ</span> <span class='ocrx_word' id='word_1_199' title='bbox 687 3959 724 4026; x_wconf 79' lang='grc' dir='ltr'>δὲ</span> <span class='ocrx_word' id='word_1_200' title='bbox 745 3963 838 4047; x_wconf 78' lang='grc' dir='ltr'><strong><em>ψυχῇ</em></strong></span> <span class='ocrx_word' id='word_1_201' title='bbox 863 3958 902 4023; x_wconf 80' lang='grc' dir='ltr'>τὸ</span> <span class='ocrx_word' id='word_1_202' title='bbox 929 3952 1073 4046; x_wconf 85' lang='grc' dir='ltr'><strong><em>φυσικόν.</em></strong></span> <span class='ocrx_word' id='word_1_203' title='bbox 1095 3951 1116 4042; x_wconf 80' lang='grc' dir='ltr'>ἢ</span> <span class='ocrx_word' id='word_1_204' title='bbox 1144 3951 1241 4021; x_wconf 78' lang='grc' dir='ltr'><strong><em>πάλιν</em></strong></span> 
     </span>
    </p>
   </div>
   <div class='ocr_carea' id='block_1_6' title="bbox 181 4209 1104 4345">
    <p class='ocr_par' dir='ltr' id='par_1_9' title="bbox 181 4209 1104 4345">
     <span class='ocr_line' id='line_1_29' title="bbox 181 4209 1104 4345; baseline -0.002 -80"><span class='ocrx_word' id='word_1_205' title='bbox 181 4212 197 4279; x_wconf 92' lang='grc' dir='ltr'>Ι)</span> <span class='ocrx_word' id='word_1_206' title='bbox 215 4210 319 4265; x_wconf 78' lang='lat' dir='ltr'>Cicer.</span> <span class='ocrx_word' id='word_1_207' title='bbox 337 4209 432 4265; x_wconf 87' lang='lat' dir='ltr'>defin.</span> <span class='ocrx_word' id='word_1_208' title='bbox 451 4211 497 4276; x_wconf 85' lang='lat' dir='ltr'>IV,</span> <span class='ocrx_word' id='word_1_209' title='bbox 515 4211 540 4278; x_wconf 78' lang='lat'>2,</span> <span class='ocrx_word' id='word_1_210' title='bbox 558 4213 582 4264; x_wconf 87' lang='grc'>4.</span> <span class='ocrx_word' id='word_1_211' title='bbox 1088 4293 1104 4345; x_wconf 63' lang='lat'><strong>3</strong></span> 
     </span>
    </p>
   </div>
   <div class='ocr_carea' id='block_1_7' title="bbox 0 0 1436 4609">
    <p class='ocr_par' dir='ltr' id='par_1_10' title="bbox 0 0 1436 4609">
     <span class='ocr_line' id='line_1_30' title="bbox 0 0 1436 4609; baseline 0 0"><span class='ocrx_word' id='word_1_212' title='bbox 0 0 1436 4609; x_wconf 95' lang='lat' dir='ltr'> </span> 
     </span>
    </p>
   </div>
  </div>
 </body>
</html>
